2984 4917
203 312 267 372 ocu
545 309 711 370 narsen
736 306 962 386 presumo

203 473 299 523 tatem
325 462 521 542 castigatiores
531 483 534 490 ’
544 463 754 546 aliquantulum
776 465 1001 536 excuderentur,
1015 463 1133 523 memini
1147 481 1185 522 ex
1205 474 1236 524 te
1250 483 1303 524 au·

209 556 315 616 divisse
325 557 383 601 -”
424 555 498 616 Inde
513 575 594 617 orsus
613 569 755 637 evagatur
773 559 802 618 in
816 558 895 618 locos
915 575 1096 629 communes,
1111 556 1222 616 dudum
1234 576 1303 636 pro·

208 649 291 708 tritos
306 657 335 708 et
353 646 547 709 adfastidium
563 649 741 736 declamatos
754 651 792 710 de
805 649 939 712 laudibus
961 649 1135 729 eloquentie
1154 648 1304 728 ipsiusque

210 741 427 802 Demosthenis.
437 742 539 821 quibus
560 744 691 822 adjungit
704 744 837 822 quaedam
852 743 891 803 de
905 762 958 803 sua
971 762 1039 803 cum
1053 743 1212 803 Francisco
1223 741 1304 801 Lau·

207 845 322 907 retano,
345 834 460 894 Abbate
482 833 568 894 Divoe
593 835 698 896 Morioe
720 835 915 914 vangaditiae,
939 835 986 894 cui
1010 835 1170 897 Francisco
1194 833 1305 894 Demo·

209 927 327 986 sthenes
342 924 525 987 Feliciancus
549 927 702 1008 inscriptus
724 938 779 999 est,
795 939 826 993 et
845 947 909 987 cum
933 928 1016 987 istius
1038 927 1184 988 Francisci
1202 929 1302 1001 hatte,

208 1020 348 1092 Antonio,
370 1019 594 1082 necessitudine.
635 1018 711 1088 Quas
733 1021 890 1081 omnis'ad
904 1040 957 1080 nos
970 1019 1011 1078 nil
1029 1019 1186 1099 pertinent.
1226 1021 1304 1087 Que

208 1121 307 1173 auteur
329 1111 430 1191 ipsius,
453 1112 504 1192 qui
526 1113 622 1173 editor
645 1123 732 1184 essct,
754 1131 911 1193 personam
932 1111 1057 1172 decebat
1069 1101 1124 1172 noa
1138 1113 1256 1183 docere,
1271 1123 1303 1172 et

210 1224 277 1285 que
290 1215 387 1266 nostra
400 1223 485 1285 quam
500 1203 655 1285 plurimum
667 1205 809 1266 intererat
820 1224 874 1266 nos
886 1206 925 1266 ab
935 1205 1011 1284 ipso,
1023 1205 1074 1283 qui
1086 1224 1161 1264 unus
1175 1203 1304 1264 omnium

210 1299 319 1379 optime
337 1307 445 1369 nosset,
466 1307 498 1358 et
517 1297 595 1358 solus
614 1315 703 1358 nosse
717 1308 842 1376 poterat,
857 1297 968 1368 doceri,
982 1315 1020 1357 ea
1031 1315 1102 1356 vero
1114 1315 1170 1356 nos
1186 1295 1303 1356 celavit.

210 1391 245 1450 ln
259 1403 318 1469 quo
332 1401 363 1450 et
376 1389 437 1468 ipsc
450 1389 520 1462 suis,
534 1400 566 1477 et
578 1389 720 1450 lectonam
734 1388 845 1470 pariter
863 1387 1026 1451 commodis
1039 1387 1145 1450 offecit.
1187 1387 1249 1448 Sed
1260 1385 1304 1448 sio

209 1481 343 1548 furebant
355 1482 411 1546 ista
425 1493 565 1565 tempora,
579 1501 646 1564 que
659 1499 728 1548 eum
740 1481 847 1545 tulere.

506 1863 508 1868 Α
613 1765 742 1832 secu.
766 1765 902 1831 xxx.

540 1939 587 2000 De
599 1941 688 2000 codice
703 1939 869 2019 Augustum
883 1948 968 2035 reato.

250 2110 436 2170 Mrsssusr
451 2107 489 2168 ad
502 2125 549 2166 me
571 2125 666 2187 nuper
686 2105 867 2184 Augustane
886 2103 1058 2187 reipublice
1081 2122 1230 2185 proceres,
1252 2105 1304 2185 qul

209 2202 335 2284 publicae
355 2220 416 2262 suae
437 2198 624 2259 bibliotheca
647 2209 785 2278 praesunt,
801 2199 840 2260 ad
852 2217 900 2258 me
914 2197 1034 2258 codices
1054 2217 1167 2278 graecos
1188 2198 1303 2259 calamo

208 2305 343 2378 exaratos
356 2311 477 2352 numero
494 2311 557 2362 sex,
570 2289 600 2348 in
614 2291 717 2370 quibus
740 2300 787 2350 est
799 2291 934 2350 volumen
953 2289 1087 2371 spissum,
1106 2289 1209 2350 forme
1230 2309 1303 2370 que-

209 2387 311 2460 dretas,
322 2384 495 2468 particulam
510 2382 648 2459 exiguam
661 2381 869 2442 Demosthenis
892 2393 1007 2451 tenens,
1030 2390 1089 2441 tres
1111 2380 1304 2461 Olynthiacas

208 2491 289 2562 puta,
304 2478 494 2558 Philippicam
508 2475 639 2554 primam,
660 2473 815 2556 epistolam
837 2472 974 2554 Philippi,
989 2473 1073 2534 etde
1093 2491 1179 2553 pace.
1219 2473 1305 2534 Non·

208 2574 276 2634 dum
287 2571 403 2634 vacavit
413 2571 498 2647 hujus
512 2565 623 2627 codicis
645 2565 787 2628 lectiones
801 2565 980 2627 examinare.
1022 2565 1083 2626 Sed
1094 2564 1238 2653 exhibebo
1250 2565 1304 2629 bas

209 2685 326 2748 quoque
339 2663 369 2723 in
383 2659 621 2722 materiacritica.
663 2659 874 2720 Miscellsoeus
887 2667 933 2718 est
945 2659 1041 2719 codex
1060 2658 1191 2719 amultis
1213 2659 1304 2720 colla·

207 2771 265 2830 tus,
282 2757 362 2838 quod
375 2755 496 2814 diversae
510 2771 613 2812 manus
631 2763 786 2824 testantur,
802 2763 940 2814 exaratus
958 2751 990 2811 in
1010 2751 1095 2811 ltalia
1113 2751 1220 2812 seculo
1235 2752 1304 2814 XV.

207 2839 342 2923 exeunte,
356 2859 408 2910 aut
422 2847 507 2910 XVI.
528 2845 657 2906 ineunte.
699 2845 811 2908 Nescio
824 2865 862 2910 an
873 2844 1064 2906 Pirlhatmeri
1077 2843 1223 2930 quondam
1236 2845 1304 2906 fue·

206 2951 256 3025 rit,
269 2965 355 3030 quem
369 2943 501 3024 suspicor
515 2960 551 3004 ex
564 2940 614 3001 illo
635 2941 741 3005 codice
761 2943 883 3022 primum
899 2940 1096 3020 Theophrasti
1107 2939 1304 3002 Cbsrscteres

208 3040 342 3107 edidisse.
383 3035 519 3114 Longum
539 3033 577 3093 sit
597 3033 713 3114 singula
734 3051 975 3106 commemorare,
990 3052 1057 3114 que
1076 3032 1135 3094 hoc
1156 3034 1304 3095 volumine

207 3133 402 3200 continentur,
426 3125 577 3208 opuscula.
633 3124 776 3186 Brevibus
796 3143 948 3203 exsequar.
1000 3125 1077 3184 Sunt
1097 3124 1139 3185 ibi
1162 3126 1303 3206 epistolae,

208 3245 280 3305 quas
294 3222 391 3283 Aldus
412 3221 513 3292 edidit,
530 3217 619 3279 Attici
632 3219 798 3296 fragmenta
810 3239 865 3297 pro
879 3217 1015 3295 Platone,
1024 3235 1092 3298 quae
1104 3219 1230 3278 servarit
1240 3219 1304 3280 Eu·

207 3319 314 3388 sebius,
329 3313 450 3392 Georgii
470 3311 622 3384 Scholarii,
642 3309 780 3370 Gemistii
804 3308 965 3381 Plethonis,
992 3310 1156 3370 Andronici
1178 3311 1303 3384 Callisti,

209 3409 398 3480 Besscrionis,
424 3405 540 3466 loannis
562 3402 724 3482 Saguntini,
746 3400 903 3463 Michaelis
919 3398 1020 3473 PseIli,
1035 3402 1161 3476 Libanii,
1181 3402 1304 3476 Juliani,

208 3502 340 3572 Luciani,
358 3497 482 3580 Synesii,
498 3494 702 3575 Theophrasti,
718 3493 896 3567 Aristotelia,
911 3495 1052 3568 Platonis,
1066 3506 1097 3555 et
1116 3495 1216 3556 nescio
1231 3517 1305 3577 quo·

207 3617 271 3658 rum
292 3595 465 3672 fragmenta.
516 3586 719 3649 Tumultuarie
737 3608 806 3648 eum
824 3588 1012 3667 pervolutans
1032 3588 1129 3668 reperi
1151 3590 1305 3669 epistolam

209 3691 228 3750 J
232 3685 328 3757 uliani,
340 3703 404 3766 quae
420 3683 448 3742 in
463 3679 637 3742 collectione
653 3679 820 3760 Spanhemii
832 3693 877 3743 est
887 3687 936 3744 58.
951 3703 981 3769 p.
994 3687 1065 3744 443.
1076 3681 1238 3765 pleniorem
1252 3701 1305 3746 es·

210 3778 312 3858 amplis
322 3774 498 3854 vulgaribus.
520 3773 580 3834 Sed
594 3772 671 3832 illam
686 3772 839 3856 epistolam
852 3775 996 3854 integram
1007 3775 1118 3836 dudum
1132 3777 1225 3838 edidit
1236 3778 1305 3838 Mu-

209 3871 341 3941 raterius,
356 3867 435 3926 unde
454 3866 570 3946 repetiit
590 3865 740 3926 Fabricius
753 3865 830 3928 Bibl.
845 3866 898 3927 Gr.
915 3866 951 3926 T.
967 3867 1037 3928 v11.
1051 3887 1120 3947 pag.
1131 3873 1181 3930 84.
1222 3871 1304 3931 Alias

209 3965 335 4046 quinque
349 3958 470 4020 ineditas
484 3958 504 4018 J
507 3958 592 4018 aliani
607 3957 745 4038 epistolas
758 3957 867 4018 ibidem
875 3958 980 4039 reperi,
992 3979 1064 4042 quas
1073 3961 1306 4042 Wyttenhachio

210 4075 285 4132 meo,
299 4053 398 4114 futuro
411 4050 520 4112 Juliani
534 4049 726 4126 restauratori,
738 4071 867 4117 reservo.
