2984 4917
244 270 372 349 ,nunti
582 274 755 347 'dissultu
776 273 1002 345 Faustulo

216 461 220 472 ·
256 428 390 509 pachino,
411 424 530 490 additis
546 430 584 493 ab
605 442 732 513 utroque
752 430 881 504 scholiis,
902 430 1033 493 lacobus
1055 424 1190 491 Grilolns
1217 426 1362 491 Lucinia-

256 521 366 595 nensis,
382 521 430 601 qui
446 533 476 581 et
490 521 666 604 Philippicas
680 525 755 586 duas
767 534 799 586 et
810 518 904 585 ‚unam
918 525 957 585 de
974 541 1052 605 pace
1072 520 1270 603 interpositam
1290 522 1360 583 red·

258 612 343 673 didit.
379 613 427 675 De
441 632 517 693 pace
531 616 691 677 orationem
703 636 821 696 quoque
833 616 921 676 vertit
933 616 1066 677 lustinus
1079 614 1241 685 Goblerus,
1255 623 1287 673 et
1300 612 1360 673 Pe·

257 714 318 765 trus
333 705 482 767 Branchus
496 706 695 781 Placentinus,
711 708 806 787 quiet
827 726 894 767 eam
907 706 946 767 de
960 705 1159 768 cherrhonesi
1170 704 1269 765 rebus.
1310 703 1361 765 De

258 796 399 883 elassibus
414 798 537 862 loannes
550 798 724 863 Loniccrus.
766 800 877 860 Contra
884 798 1102 860 Androtionem
1110 796 1269 859 Bassianus
1281 794 1361 855 Lan·

258 889 314 950 dus
327 890 525 953 Placentinus.
559 890 670 951 Contra
683 882 844 971 Leptinen
857 892 896 953 dc
909 890 1093 953 humanitate
1104 888 1211 951 Petrus
1224 887 1359 951 Nanniua

256 983 473 1067 *Alemerianus
509 981 651 1047 Pluresin
665 983 820 1043 Basiliensi
833 982 964 1045 editione
976 983 1162 1063 interpretes,
1174 979 1199 1041 si
1212 976 1305 1051 voles,
1319 980 1359 1040 le-

258 1094 321 1155 ges.
366 1076 444 1139 Haec
459 1076 608 1138 Schottus.
625 1074 695 1137 Scil.
710 1076 741 1135 in
754 1075 891 1137 editionis
904 1076 1006 1160 primm
1016 1074 1172 1135 Wolfianae
1185 1073 1268 1133 calce
1283 1073 1358 1132 rnul-

257 1179 355 1229 torum
368 1167 625 1249 interpretationes
637 1167 829 1253 singularium
841 1180 930 1232 oratt.
946 1167 1101 1231 Demosth.
1119 1168 1269 1249 leguntur,
1290 1186 1358 1247 quas

257 1260 288 1321 in
302 1270 449 1339 postrema
463 1260 576 1321 emisse
590 1271 668 1320 sunt.
708 1259 849 1322 Postilla
870 1260 987 1326 Schotti
1006 1272 1141 1341 tempora
1159 1257 1283 1321 accessit
1299 1259 1359 1319 hoc

257 1353 366 1415 seculo
375 1348 553 1415 Lucchesini
563 1352 766 1433 interpretatio
774 1342 1092 1433 Philippicarum'edita
1100 1352 1204 1413 Romae
1216 1352 1256 1410 A.
1266 1353 1358 1415 1712.

258 1438 363 1505 inito.
379 1466 447 1505 curn
460 1455 542 1506 texto
555 1464 664 1525 graeco,
678 1456 710 1507 et
723 1445 801 1506 notis
814 1444 923 1507 miricis
943 1443 1153 1525 historicisque.
1167 1442 1213 1505 Io.
1227 1441 1356 1503 Vincen-

258 1537 316 1597 tius
325 1536 530 1599 Lucchesinus
540 1536 596 1597 fuit
610 1536 753 1599 Patricius
763 1536 916 1598 Lucensis.
940 1536 1067 1596 Videtur
1074 1533 1236 1615 periculum
1245 1532 1358 1615 facere,

255 1638 307 1689 aut
319 1631 485 1711 exemplum
496 1631 566 1691 dare
575 1630 698 1691 voluisse
707 1630 894 1690 conferendae
904 1630 943 1689 ad
952 1628 1039 1687 Dern.
1053 1628 1183 1686 tullinum
1196 1626 1355 1698 facundiae,

260 1739 377 1799 unaque
391 1721 631 1802 interpretationis
642 1718 797 1781 Wolfianoe
808 1719 999 1797 castigandae,
1013 1717 1063 1796 qui
1074 1729 1196 1778 conatus
1209 1718 1358 1796 quomodo

259 1806 316 1891 ipsi
338 1814 469 1886 cesserit,
490 1832 638 1893 nunquam
654 1812 781 1891 quaesivi.
794 1810 920 1869 viderint
932 1808 991 1871 elii.
1013 1808 1170 1869 Duruiilius
1184 1808 1301 1889 quidem
1318 1810 1359 1872 ad

260 1904 452 1965 Charitonem
465 1902 498 1985 p.
512 1906 580 1969 177.
597 1923 663 1963 eam
678 1902 835 1984 improbat.

299 1996 346 2055 De
359 1996 491 2058 francica
512 1994 654 2057 Tourellii
668 1994 791 2055 aliorum
811 2005 877 2055 esto
891 1993 1043 2072 judicium,
1057 1996 1127 2056 item
1142 1994 1179 2055 dc
1191 1990 1358 2054 britannica

255 2086 396 2163 ‚Lelandi
412 2088 515 2169 quibus
534 2088 675 2149 ambabus
689 2086 778 2148 carui.
821 2086 883 2148 Sed
900 2088 1000 2147 ambas
1020 2088 1131 2149 laudari
1147 2088 1242 2160 video,
1261 2106 1360 2166 neque

258 2180 423 2241 detractum
435 2180 485 2241 ibo
497 2179 576 2241 illam
590 2180 660 2262 ipsis
673 2179 801 2254 laudem,
815 2199 991 2261 quamquam
1002 2199 1049 2240 me
1063 2200 1123 2241 non
1134 2178 1218 2259 fugit,
1233 2178 1359 2258 quidde

257 2270 393 2345 laudibus
414 2273 601 2333 statuendum
622 2273 670 2347 sit,
690 2290 763 2353 quas
784 2271 874 2331 nostri
895 2270 1095 2343 Journalistoe‚
1114 2281 1165 2331 aut
1177 2270 1295 2331 venales
1315 2270 1359 2329 ini

258 2364 402 2441 homines,
415 2375 466 2427 aut
478 2366 517 2427 de
530 2366 618 2427 rebus
631 2384 734 2446 parum
748 2364 874 2445 cognitis
894 2375 1007 2426 temere
1022 2364 1156 2443 judicare
1176 2364 1262 2437 soliti,
1276 2383 1359 2444 sper-

259 2467 343 2535 gunt.
383 2458 434 2518 De
444 2476 511 2519 mea
524 2458 710 2537 germanica
736 2452 825 2536 duam
838 2456 928 2517 sectio
938 2457 1072 2536 quasdam
1083 2456 1235 2517 hominum
1247 2456 1358 2536 impro-

255 2549 360 2609 borum
374 2561 405 2609 et
419 2550 614 2623 indoctorum,
627 2548 793 2609 sodalitium
806 2547 1011 2627 gladiatorium
1025 2558 1078 2609 aut
1090 2547 1253 2628 piraticum,
1264 2567 1360 2608 sexn-

256 2640 299 2701 vit
312 2652 343 2701 et
359 2640 520 2715 infamavit,
533 2662 593 2703 non
607 2640 687 2720 quod
699 2660 719 2701 a
731 2639 878 2707 sententis
892 2638 981 2699 Deru.
999 2641 1191 2712 aberrassem,
1203 2659 1263 2699 non
1276 2640 1359 2717 quod

258 2750 326 2792 eam
335 2732 429 2793 minum
437 2733 591 2813 perspicue
599 2728 802 2802 reddidissem,
814 2732 869 2791 sed
878 2730 908 2809 l)
919 2731 1000 2811 quod
1008 2750 1067 2789 non
1078 2750 1114 2791 ea
1123 2751 1217 2792 essem
1226 2732 1358 2793 dictione

259 2826 428 2903 germanica
437 2843 516 2897 usus,
525 2828 612 2903 quam
621 2823 677 2903 ipsi
687 2824 780 2884 solam
790 2824 925 2902 probant,
936 2823 1093 2899 quivolunt
1100 2824 1209 2898 helluli,
1221 2835 1253 2885 et
1263 2826 1360 2886 omnis

259 2917 414 2997 elegantiae
427 2915 528 2978 arbitri
542 2936 617 2980 esse.
637 2920 669 2995 2)
682 2914 763 2997 quod
783 2933 863 2996 saepe
880 2913 1011 2975 locorum
1030 2916 1231 2997 periphrastes
1250 2918 1358 3003 potius,

258 3028 347 3089 quam
359 3010 549 3089 interpretem
568 3008 704 3089 egissem.
745 3004 777 3082 3)
792 3004 914 3087 quodin
933 3006 1230 3069 animadversionibus
1244 3008 1358 3069 Demo-

256 3102 393 3179 sthenem
405 3121 485 3181 soepe
497 3099 631 3164 acerbius
644 3097 902 3181 perstrinxissem;
930 3097 979 3177 egi
992 3119 1112 3161 causam
1125 3120 1222 3160 meam
1235 3099 1266 3159 in
1278 3121 1358 3183 prae·

256 3193 370 3267 satione
381 3193 418 3253 sd
430 3193 567 3261 volumen
580 3193 695 3273 tertium
704 3192 790 3267 hujus
803 3190 1059 3270 interpretationis.
1088 3193 1259 3255 Secundum
1268 3215 1358 3273 quam

257 3284 460 3363 praelationem
474 3304 559 3343 nemo
572 3284 637 3357 fuit,
651 3283 701 3367 qui
713 3283 854 3346 hisceret.
874 3284 1081 3345 obmutuerunt
1098 3286 1253 3347 umbratici
1269 3286 1359 3371 inte

257 3378 390 3459 latebris,
403 3389 437 3439 ut
448 3378 578 3459 latrones
592 3376 714 3457 saltibus
725 3376 899 3448 insidentes,
911 3377 971 3438 tela
989 3377 1021 3436 in
1038 3390 1249 3458 pretereuntes
1263 3380 1357 3457 conji-

258 3470 370 3532 cientes
381 3496 392 3547 i
415 3471 487 3533 victi
499 3472 528 3531 vi
540 3469 679 3540 ueritatis,
695 3487 757 3549 qun
766 3480 939 3549 arguments
951 3489 1019 3530 mea
1031 3471 1202 3551 prevalent.
1242 3471 1357 3535 Nescio

259 3582 442 3626 ascensurae
460 3564 538 3623 illius
549 3562 657 3642 iniquae
670 3562 700 3621 in
713 3561 754 3621 D.
770 3562 811 3644 ᾼ.
824 3562 866 3623 D.
881 3562 920 3624 B.
940 3573 1043 3625 auctor
1062 3564 1152 3623 fuerit
1162 3562 1297 3625 inimicus
1309 3576 1357 3627 te·

258 3666 323 3719 ctus
335 3658 418 3717 vultu
431 3656 585 3735 verbisque
599 3654 725 3717 amicum
744 3653 894 3717 simulans.
933 3654 1087 3731 Ejusmodi
1105 3654 1196 3715 libelli
1215 3658 1357 3717 memmei

257 3758 328 3824 sunt
347 3748 473 3809 buccina
486 3748 607 3824 diaboli,
619 3746 667 3809 sel
682 3746 840 3826 Erynnios,
853 3755 904 3809 aut
917 3746 1061 3817 Bellonae,
1075 3757 1110 3807 ut
1121 3737 1238 3809 veteres
1250 3747 1355 3829 loque·

256 3840 376 3921 bantur,¹
390 3846 473 3917 cujus
486 3843 608 3903 boatum
618 3860 687 3904 cum
699 3839 839 3925 audieris,
849 3838 1005 3919 suspiceris
1018 3838 1085 3919 quis
1096 3839 1214 3901 inflarit.
1226 3841 1305 3901 uude
1318 3841 1357 3901 si-

257 3933 395 3993 multates
408 3944 439 3993 et
452 3932 669 3995 contentiones.
705 3930 817 3995 Melius
831 3943 949 4017 egomet
961 3931 1025 4011 ipse
1038 3932 1107 3993 novi
1120 3953 1195 3993 mese
1209 3932 1354 4013 interpreg

257 4024 374 4105 tationis
386 4046 494 4109 penos,
508 4046 596 4107 quam
610 4026 651 4087 illi
665 4044 777 4099 ornnes,
787 4023 837 4105 qui
849 4044 915 4086 eam
925 4037 1108 4104 carpserunt.
1129 4025 1193 4087 Sed
1202 4026 1356 4089 mdiorem

256 4118 393 4201 profecto
406 4138 492 4199 nemo
505 4119 623 4179 illorum
635 4118 766 4181 omnium
776 4118 895 4186 condat,
914 4136 1012 4195 neque
1026 4117 1151 4187 condet.⁸
1184 4116 1280 4178 Erunt
1293 4118 1356 4178 sor·

256 4221 334 4273 tasse
347 4210 397 4293 qui
410 4212 440 4271 in
453 4210 580 4295 dictione
593 4230 663 4275 mea
672 4210 843 4297 germanica
856 4210 967 4289 aliquid
978 4220 1109 4282 tentent,
1118 4229 1233 4289 ungues
1246 4209 1273 4271 ei
1287 4212 1354 4271 infi-

256 4314 339 4387 gant,
351 4305 493 4385 scalpant,
509 4304 634 4385 poliam,
647 4305 783 4366 voculam
802 4324 904 4373 unam,
922 4322 987 4381 quae
1008 4302 1079 4381 ipsis
1097 4304 1229 4383 asperior
1248 4314 1280 4361 et
1299 4305 1355 4363 irn-

255 4398 391 4477 psundior
404 4398 548 4496 videatur,
563 4418 633 4485 cum
643 4396 712 4478 alia,
724 4397 750 4459 si
764 4396 809 4464 dis
821 4396 930 4490 placet,
943 4395 1098 4457 mundiore
1114 4406 1145 4457 et
1164 4394 1356 4478 exquisitiore
