2984 4917
222 306 303 375 eun
463 280 1093 395 10.Tatl.otttttt01.RG0ltENa

223 462 344 527 volebas
363 464 498 545 exemplo
519 482 694 529 wenemaro
719 466 869 530 nominum
892 466 1105 541 Romanorum,
1128 484 1198 529 omn
1222 462 1330 551 quihus

223 552 318 623 tribus
338 576 456 637 quoque
475 558 651 625 maun...
668 567 817 631 annona,
836 571 953 641 poteras
971 582 1013 623 ex
1034 559 1183 632 mnibus
1195 558 1330 632 Grutert,

224 648 367 722 Reinesii,
390 650 532 725 Pabretti,
556 651 720 723 Muratnrii,
745 651 868 713 aliorum
891 665 1032 715 centenas
1051 654 1175 735 paginus
1195 652 1330 732 implere.

227 742 272 805 At
292 742 340 806 oui
354 742 451 804 honot
471 754 535 807 turn
552 743 577 805 si
597 744 685 825 δῆμος
705 746 804 817 curie,
817 764 878 807 non
900 746 988 807 tribui
1002 747 1148 811 Romane
1160 743 1329 825 respondet,

225 833 297 913 quid
308 834 449 920 munebau
458 854 570 903 morem
581 838 714 901 Atticum
725 840 794 905 cnm
802 839 936 899 Romano
947 837 1141 919 componeret
1152 836 1247 906 Attici
1256 852 1332 897 nnn·

225 946 314 1008 quarn
337 928 430 994 trihus
449 950 557 995 nornen
576 932 726 995 addebant
744 932 799 997 riri
816 932 936 1007 nomini,
957 932 1011 994 sed
1028 930 1211 995 solummodo
1231 929 1332 997 sudu·

227 1030 331 1086 contre
344 1022 471 1087 Romani
483 1044 630 1105 nunquam
645 1026 746 1099 eurio,
758 1026 814 1089 sed
826 1025 1072 1107 resposorium]

233 1170 238 1179 .
265 1119 296 1179 d·
316 1115 499 1196 dopositum
512 1118 725 1199 depositione.
745 1120 833 1181 Lect.
845 1118 919 1199 Lyn.
932 1138 959 1179 e.
971 1122 1003 1181 5.
1021 1118 1062 1180 N.
1084 1116 1132 1198 [id
1149 1125 1196 1181 est
1207 1115 1330 1189 Noster.

228 1227 283 1275 seu
297 1208 532 1291 Demosthenes]
555 1230 581 1272 o.
596 1211 734 1273 Boeotum
745 1212 906 1280 Ἱππόνικος
919 1212 1060 1275 Καλλίου.
1083 1209 1201 1273 Fahric.
1219 1209 1332 1273 Biblio-

226 1302 331 1383 graph.
347 1301 450 1382 Antiq.
471 1323 501 1382 p.
514 1306 586 1369 597.
615 1304 659 1365 At
675 1304 755 1366 eninr
768 1306 853 1366 rnnlti
866 1303 1027 1365 Lesbonici
1042 1314 1122 1365 sunt.
1141 1302 1196 1365 nisi
1215 1322 1327 1367 nornen

227 1394 318 1473 petris
331 1392 496 1465 dioes,.non
505 1406 667 1458 monstrare
677 1417 797 1477 possum
810 1397 881 1474 istos
894 1396 1038 1469 homiues,
1048 1416 1124 1475 qnos
1136 1406 1168 1456 tn
1179 1396 1328 1474 queritas.

227 1486 326 1553 Plaut.
341 1486 472 1549 Trinum.
492 1487 563 1549 item
578 1489 761 1553 Menaechm.
775 1490 891 1571 prolog.
918 1488 983 1551 Nos
1002 1490 1042 1551 sd
1061 1508 1188 1552 mumor
1206 1487 1332 1551 Sandri·

226 1598 326 1657 oense.
348 1579 462 1641 Corsin.
477 1580 590 1642 dissert.
606 1584 645 1645 V.
661 1582 702 1643 N.
716 1594 820 1645 oontra
832 1584 971 1645 Boeotum
983 1583 1022 1645 de
1035 1582 1163 1643 nornine.

269 1676 301 1733 6.
312 1670 407 1733 Noms
417 1671 589 1735 deGuerro.
600 1676 742 1743 Βάταλος.
755 1676 901 1755 Harpoor.
911 1675 1064 1739 Plutarch.
1074 1676 1213 1737 Clemens
1223 1680 1254 1738 8.
1264 1675 1332 1737 Pan

228 1764 296 1845 dag.
308 1770 338 1827 8.
359 1765 483 1827 Photius
496 1766 573 1829 Bihl.
588 1788 617 1847 p.
631 1773 702 1831 816.
726 1768 878 1830 Libenius.
894 1768 1086 1830 Pnsvotnus.
1108 1768 1253 1829 Brodssns
1272 1768 1332 1829 Mt.

227 1858 311 1921 scell.
321 1858 344 1921 1.
356 1862 406 1920 20.
417 1860 518 1920 AEsoh.
530 1880 557 1921 n.
567 1860 716 1922 Timar-oh.
727 1880 758 1940 p.
768 1864 819 1922 56.
828 1864 879 1921 58.
890 1859 940 1920 ed.
950 1880 1037 1923 nmen
1045 1860 1235 1942 [Taylorane
1245 1860 1333 1941 puta]

228 1950 324 2021 Sehol.
336 1950 374 2012 ed
387 1951 445 2012 loo.
454 1951 487 2012 it.
499 1971 527 2012 n.
539 1951 672 2032 ctesiph.
684 1962 714 2011 et
734 1978 766 2011 π.
776 1975 908 2032 παραπρ.
919 1952 1010 2014 nem.
1020 1973 1074 2031 pro
1083 1972 1201 2013 oorona
1225 1953 1334 2017 saion

225 2044 258 2105 in
270 2046 428 2112 Βάτταλος.
459 2044 587 2125 Etymol.
598 2046 643 2106 M.
671 2045 773 2106 Sohol.
789 2046 933 2125 Hermog.
946 2038 1057 2125 pto&
1071 2046 1217 2123 Βάταλον]
1239 2046 1331 2127 phio·

227 2142 278 2219 ptis
291 2141 369 2199 torsa
383 2138 474 2219 ὄνομα
488 2142 621 2211 αὐλητοῦ.
661 2138 782 2218 Ulpian.
802 2139 843 2199 ad
861 2163 893 2200 π.
915 2153 992 2220 orep.
1013 2160 1044 2201 n.
1065 2143 1137 2200 eal.
1158 2138 1208 2200 ed.
1232 2138 1329 2201 Parit.

104 2274 107 2279 ,
138 2288 140 2291 .
228 2230 308 2299 outa
320 2230 564 2309 Noster'grseilis
577 2231 782 2292 etimbeeillis.
822 2230 967 2305 Pettalus,
986 2230 1098 2293 tibicen
1118 2242 1175 2293 rer
1189 2234 1332 2307 samyt·

229 2350 294 2387 των.
336 2324 448 2385 Fabula
463 2324 647 2405 Antiphani&
661 2324 812 2389 Plutarch.
834 2323 1022 2405 Antiphanes
1042 2329 1167 2397 othonis
1185 2340 1332 2385 memora·

225 2428 274 2477 tur
287 2416 326 2479 ab
336 2416 496 2478 Atheneo.
538 2416 672 2477 Battslus
685 2412 774 2497 poete
786 2416 882 2478 mollia
895 2428 927 2479 et
935 2429 1099 2499 protervus.
1129 2416 1259 2489 Bdmhos
1272 2435 1334 2496 pre

227 2520 353 2571 castrato
376 2520 407 2569 et
428 2508 550 2571 asiatioo
571 2510 661 2590 gallo,
682 2510 763 2589 apud
785 2509 967 2591 Phrynich‚
995 2510 1145 2578 Βάταλος
1167 2509 1334 2573 mensim

229 2605 403 2664 ohscoennm
416 2602 567 2664 Plutarch.
599 2603 779 2664 Adversaris
788 2603 905 2665 Nostra.
945 2602 1146 2665 Lunienadr.
1160 2602 1332 2665 indoctum.

230 2695 425 2757 Athenienses
440 2695 670 2771 possedisset
690 2696 816 2757 eviratos
837 2694 958 2757 Baulos
980 2697 1019 2758 ab
1041 2698 1183 2757 ohaooeno
1200 2694 1334 2775 quodam

228 2788 350 2850 tibicine
363 2800 395 2849 et
407 2787 557 2862 histrione,
568 2788 616 2849 oui
629 2806 735 2849 nornen
749 2789 883 2870 Betalus,
892 2788 942 2868 qni
954 2789 1063 2869 primus
1073 2788 1212 2851 sandaliis
1223 2802 1254 2850 et
1265 2808 1335 2849 nnn·

228 2882 370 2945 liebrihus
383 2881 563 2945 vestimentis
573 2882 602 2942 in
614 2900 733 2942 scenam
744 2882 862 2963 prodiit.
903 2881 984 2943 Galli
997 2880 1127 2943 retinent
1138 2880 1213 2944 iliud
1221 2901 1334 2943 nomen

230 2986 262 3037 et
282 2987 389 3037 vocant
411 2974 556 3034 Botelenr.
601 2975 685 3036 Snid.
707 2995 736 3034 v.
756 2973 978 3044 Βαταλίζεσθαι.
1023 2972 1129 3054 Lysias
1154 2994 1182 3035 o.
1208 2974 1333 3053 Agorat.

236 3070 306 3129 Vere
324 3068 472 3127 'Pertirrom
506 3066 564 3125 See
584 3065 689 3148 Upten
713 3086 752 3126 on
777 3066 971 3146 Shakspeare.
996 3064 1127 3126 'timeus
1150 3066 1331 3146 Epitimoens.

235 3159 328 3220 Diod.
344 3158 404 3219 Sin.
429 3158 569 3218 Notssed
577 3158 752 3221 Midienam.
793 3158 946 3239 Aristoph.
962 3160 1020 3217 Ar.
1033 3179 1062 3218 v.
1076 3159 1175 3218 Vitam
1187 3157 1332 3239 Lymrgi.

232 3254 270 3313 de
283 3251 378 3312 Laide
391 3271 420 3312 r.
442 3251 529 3311 etiam
549 3252 638 3311 vitam
652 3250 873 3312 Demosthenis.
912 3251 993 3312 Vere
1008 3250 1148 3311 Pertinax
1162 3270 1190 3312 r.
1206 3252 1344 3313 Salmas·

232 3348 270 3407 ad
285 3344 422 3425 inscript.
439 3344 580 3427 Regillus.
597 3344 691 3405 Erato
705 3345 843 3425 Apollon.
867 3345 967 3405 Rhod.
986 3344 1070 3405 initio
1088 3344 1154 3405 libri
1167 3349 1198 3406 8.
1228 3344 1332 3425 inpos

233 3438 338 3517 Σιδηρὼ
358 3440 405 3496 rol
424 3444 547 3521 φέρουσα
566 3438 691 3517 τοῦνομα
713 3437 877 3517 Sophoclea
898 3438 978 3518 apud
994 3436 1145 3497 Aristotel.
1160 3435 1287 3498 Rhetot.
1300 3440 1333 3497 9.

229 3537 279 3595 28.
291 3531 451 3592 Pentheus.
462 3531 551 3609 AJ'ax,
561 3530 705 3591 Analecta
716 3530 754 3591 T.
765 3532 791 3590 1.
806 3551 836 3609 p.
844 3536 875 3593 6.
903 3530 956 3589 See
969 3530 1015 3588 rs.
1029 3528 1163 3606 ιιαιιιεειῃε
1170 3531 1217 3588 tle
1229 3529 1333 3589 Lodiea

229 3627 259 3685 io
272 3626 318 3685 tle
333 3624 593 3705 18.osAtlenoeas.
635 3624 725 3685 Dem.
748 3634 852 3685 oontm
875 3624 1011 3684 Neaeram
1035 3620 1193 3703 Στροβύλη,
1215 3627 1277 3684 νυνὶ
1298 3622 1334 3683 di

230 3720 322 3781 davo.
364 3718 403 3777 So
415 3738 433 3775 o
447 3718 553 3777 certeis
575 3728 721 3779 courtesan
740 3740 796 3779 mos
815 3719 903 3778 called
918 3716 1068 3795 Cleprydro
1080 3716 1137 3795 for
1148 3736 1166 3774 o
1175 3718 1335 3793 particulor-

227 3834 334 3886 reororr,
348 3813 384 3894 φ’
391 3812 476 3872 odiel
487 3832 531 3871 ree
545 3814 703 3873 Atlenoeur.
744 3812 890 3873 Aristides
902 3810 1079 3890 cognomine
1091 3810 1112 3869 J
1114 3818 1204 3881 ustus,
1214 3808 1328 3870 Phosio

229 3906 339 3970 Bonus.
361 3906 480 3968 Comei.
489 3905 567 3986 Nep.
579 3907 642 3968 Nos
656 3907 695 3968 ad
705 3905 827 3988 Lysiam
842 3906 881 3965 de
894 3904 1051 3985 Lysitheo·
1072 3902 1196 3967 Carolus
1209 3902 1245 3962 ad
1260 3901 1334 3963 Gel-

227 4001 310 4061 lium.
339 4000 460 4060 imbrex
475 3998 600 4082 Tegula.
612 3999 831 4062 mansonario
842 3998 962 4060 Nostro.
1001 3994 1221 4058 Demosthenes
1241 3996 1330 4058 etiarn

227 4090 409 4153 Vertumnus
426 4090 632 4173 appellabatur
654 4092 826 4154 aDiodoro.
839 4114 868 4152 r.
889 4091 1022 4152 Iudicem
1035 4088 1125 4149 Wolf
1140 4088 1171 4148 in
1184 4108 1212 4149 r.
1223 4088 1333 4149 Diodo-

227 4176 287 4247 nrt.
328 4184 486 4246 Protens‘a
499 4184 652 4267 Dionysio.
686 4184 808 4254 Quare?
828 4206 856 4245 r.
872 4184 971 4245 Sohol.
985 4184 1024 4244 ad
1038 4181 1246 4263 Midisnamp.
1258 4186 1331 4244 850.

227 4278 277 4341 e'd.
287 4278 380 4340 Paris.
421 4276 531 4339 Noster
545 4283 672 4347 ποικίλος
687 4277 858 4339 Scholiastoe
872 4276 1082 4356 Hermogenis.
1095 4292 1123 4339 v.
1137 4274 1225 4337 Pahr.
1239 4274 1277 4338 Β.
1287 4272 1330 4336 G.

226 4370 352 4433 Neleia.
377 4368 544 4450 Κονιορτός.
560 4377 695 4454 νυκτερίς.
737 4367 1034 4431 Nosadhsrdianann.

243 4468 294 4530 '·'l.
316 4464 444 4527 Pueritia
457 4476 489 4528 et
502 4465 713 4527 addensentia.
746 4464 886 4525 Meminit
905 4463 1037 4545 pueritie
1057 4482 1121 4525 m
1142 4472 1242 4525 orator
1259 4461 1335 4525 loon
