2984 4917
375 294 432 356 AD
455 286 823 355 SUUMDEMOSTH.
844 284 1039 347 PRAEPAT.
1212 280 1261 341 sci

168 456 173 465 '
196 448 295 529 M]
317 447 666 517 Variasle‘ctioneanota
679 440 991 513 accusaremus,
1002 441 1260 501 dmumtacmar-

155 543 224 623 gine
240 541 428 621 Exemplaris
441 538 623 619 Hervagiaoi
636 538 749 618 prioris,
761 536 794 597 in
802 535 908 597 cadam
921 533 1106 598 bibliotheca.

155 674 160 683 ⁵
195 720 295 797 0....]
317 719 589 792 Amoueamus,
608 730 642 779 ur
661 716 742 779 eren
762 734 816 795 pn
832 724 889 786 es,
910 711 1027 775 claren
1041 710 1191 773 amnon
1204 709 1254 787 (re

153 834 190 875 eo
203 813 272 873 vide
289 811 496 873 Proefationem
509 812 617 892 Lysim,
632 829 701 890 pag.
718 808 780 886 15.)
797 827 837 869 cx
856 805 970 869 Aldino
987 804 1148 884 exemplari
1159 803 1190 863 in
1209 803 1254 865 bi·

152 907 305 969 bliothcca
319 905 427 985 Regia,
440 925 507 985 quas
520 915 566 967 ast
579 901 786 981 cantabrigia.

48 1164 50 1167 .
191 1103 254 1164 tris
269 1104 444 1165 subnectam
456 1104 526 1165 licat
542 1104 638 1167 codd.
659 1107 708 1187 qui
729 1107 801 1167 mihi
822 1123 930 1187 magno
950 1106 1016 1167 usui
1037 1116 1070 1166 ct
1088 1102 1256 1181 adjumanto

154 1196 287 1268 fuerunt,
312 1196 443 1257 licctad
465 1198 544 1257 hunc
567 1210 679 1259 tomum
707 1220 768 1260 non
790 1195 966 1281 pertineant.
1010 1199 1088 1259 Voss.
1109 1200 1255 1258 Beroea

156 1290 259 1349 Boror.
272 1295 304 1350 8.
319 1289 410 1348 mat
424 1290 522 1351 Meod.
537 1290 652 1351 Loclrer.
678 1292 790 1353 Coislis
800 1299 803 1307 '
812 1293 886 1373 fleg.
903 1292 943 1354 l.'
956 1292 1029 1371 reg.
1046 1296 1077 1353 2.
1095 1301 1155 1351 etc.
1170 1290 1256 1351 Bere.

154 1378 249 1455 Mor.]
272 1380 340 1441 Sive
353 1381 412 1441 sint
425 1382 455 1454 ii,
470 1382 520 1461 qui
534 1384 709 1443 concionum
729 1385 894 1456 nonnullas,
905 1404 979 1465 quas
993 1384 1213 1445 Demosthenes
1225 1382 1257 1445 in

156 1469 271 1530 Senam
289 1472 399 1545 habuit,
420 1474 677 1554 complectuntur:
699 1477 877 1557 Philippicas
894 1477 1037 1556 intelligo,
1052 1477 1100 1537 vel
1113 1476 1256 1557 quasdam

156 1561 196 1623 de
219 1562 277 1623 isto
297 1584 396 1644 grege.
437 1568 485 1627 Ex
497 1568 532 1627 iis
545 1578 649 1628 nactis
665 1572 734 1628 'sum
749 1569 934 1641 Vossianum,
953 1569 1149 1629 Barcccianos
1170 1570 1257 1649 duo‘s,

154 1655 344 1717 Laudianum
357 1670 417 1720 etc.
460 1660 527 1721 Sive
540 1660 639 1733 sintii,
653 1662 704 1740 qni
718 1660 888 1722 AEschinem
905 1662 1001 1721 solum
1014 1661 1192 1742 descriptum
1204 1662 1257 1723 ha·
1333 1665 1339 1673 ‘

152 1750 237 1809 beat.
278 1750 315 1809 In
330 1772 388 1831 qua
400 1752 510 1813 familia
529 1752 646 1833 primus·
657 1752 813 1813 memorari
827 1752 921 1813 debat
928 1754 1028 1814 codex
1041 1754 1103 1813 Viri
1116 1766 1258 1834 prestan-

155 1842 258 1901 tissimi
278 1854 309 1903 et
324 1863 341 1903 a
355 1864 402 1905 me
422 1845 546 1905 multum
567 1846 684 1906 colendi
704 1846 744 1906 R.
758 1846 848 1905 Mau
860 1845 1020 1907 Archiatri.
1071 1845 1108 1905 In
1128 1866 1165 1907 eo
1188 1868 1257 1909 esa·

155 1946 258 1995 rantur
271 1946 331 1995 tres
346 1942 408 2013 ejus
422 1938 578 2010 orationes,
598 1957 664 1998 cnm
684 1938 812 2019 epistolis
833 1938 985 2011 duodenis,
1007 1938 1140 1999 nimirum
1159 1960 1257 2015 omne,

154 2028 234 2107 quod
248 2028 288 2089 de
307 2029 363 2089 isto
383 2030 501 2091 homine
521 2031 560 2092 ad
581 2051 635 2091 nos
656 2032 798 2111 pervenit.
841 2032 947 2092 Codex
972 2031 1133 2092 doctissimi
1152 2031 1207 2092 viri
1228 2034 1258 2095 Ι.

154 2120 272 2192 Loclrer,
286 2120 495 2197 Londinensis,
508 2124 669 2185 orationem
683 2135 787 2185 contra
799 2122 989 2185 Timarchum
1010 2134 1042 2184 et
1063 2123 1260 2206 Olynthiacas

155 2212 229 2273 duas
238 2214 383 2286 habetet
397 2226 442 2275 est
455 2215 540 2276 honre
554 2216 646 2295 frugis
656 2216 771 2297 plenus.
811 2214 973 2276 Plurimum
987 2218 1075 2277 etiam
1087 2238 1136 2277 me
1147 2218 1258 2281 debere

156 2306 296 2387 profiteor
309 2308 412 2386 gratim
433 2319 464 2368 et
483 2309 654 2369 humanitati
676 2308 785 2368 domini
806 2308 940 2369 Richardi
960 2310 1061 2383 Ellisii,
1076 2323 1125 2371 rot
1137 2319 1258 2393 paropi-

156 2422 215 2471 του,
231 2398 268 2459 de
281 2400 373 2460 literis
386 2401 464 2480 ipsis,
486 2402 589 2481 iisque,
612 2400 661 2481 qui
681 2402 773 2461 literis
794 2403 879 2462 bonis
899 2420 1019 2483 operam
1042 2416 1160 2476 navant,
1181 2406 1261 2467 bena

156 2492 263 2553 meriti.
306 2493 406 2571 Hujus
421 2494 498 2554 enim
512 2494 605 2573 gratia
619 2494 738 2555 excussi
752 2494 821 2553 mihi
835 2507 904 2556 sunt
919 2496 1016 2557 Codd.
1030 2496 1218 2570 Parisienses,
1231 2498 1263 2559 in

155 2586 262 2667 quibus
271 2585 426 2647 AEschinca
440 2586 487 2645 ille
499 2586 683 2659 describitur,
694 2588 784 2647 veluti
793 2587 985 2649 coislinianus
1000 2609 1080 2649 num.
1091 2590 1261 2653 ccxmt
1290 2600 1296 2607 ’
1391 2659 1395 2664 ,

156 2679 409 2748 membranaceos,
425 2678 531 2738 decimi
545 2679 633 2758 plane
647 2680 761 2740 saculie
782 2700 820 2740 ex
841 2680 938 2757 Regia
959 2678 1136 2742 bibliotheca
1157 2682 1262 2744 itidem

156 2772 267 2851 plures,
290 2791 333 2831 sc.
353 2790 485 2842 numero,
507 2774 598 2835 2778.
617 2774 708 2835 2775.
730 2775 821 2837 8273.
842 2776 932 2837 8279.
982 2773 1101 2861 Deinde
1123 2785 1262 2855 excerpta

156 2866 292 2945 quaedam
302 2884 340 2923 ex
350 2862 449 2924 Mstis
462 2864 578 2943 ignotis,
590 2880 656 2943 quae
670 2864 699 2921 in
710 2864 851 2923 AEschine
865 2863 1087 2944 suppeditarunt
1100 2886 1160 2925 orte
1174 2867 1261 2929 libro·

157 2976 225 3015 rum
241 2955 288 3014 rel
309 2956 380 3015 Edv.
400 2956 539 3015 Bernordi
559 2955 588 3014 in
608 2955 686 3015 Bibl.
702 2955 788 3015 Bodl.
807 2954 905 3019 oxon.
920 2956 967 3017 vel
984 2956 1014 3017 I.
1028 2956 1107 3017 Mori
1120 2957 1261 3041 Episcopi

158 3046 289 3108 Eliensis
300 3046 330 3107 in
344 3046 443 3127 Regia
456 3045 698 3127 cantabrigiensi.

197 3242 301 3321 Hert]
322 3244 434 3307 Codex·
445 3244 623 3307 Harleiantu
641 3244 814 3307 adservatur
833 3244 865 3303 in
883 3244 1065 3307 bibliotheca
1079 3244 1190 3306 Illustr.
1207 3244 1262 3305 τίη·

158 3336 231 3397 Edu.
251 3356 347 3416 nuper
362 3336 477 3399 Comitia
499 3335 747 3417 mmmmm,
768 3356 836 3397 cnm
852 3336 974 3409 viveret,
994 3357 1044 3399 me
1063 3336 1190 3399 amicitia
1208 3356 1263 3401 sua

157 3428 315 3508 multisque
329 3429 417 3489 animi
430 3428 567 3491 benevoli
577 3429 758 3509 argumentis
770 3420 891 3489 auctum
900 3428 1071 3489 essevoluit.
1100 3428 1262 3507 Eleganter

157 3520 275 3601 quidem
290 3521 425 3603 scriptus,
436 3522 571 3601 antiquus
584 3532 616 3582 et
626 3524 713 3583 bonoe
724 3521 839 3581 indolis.
874 3522 961 3583 Ultra
974 3521 1118 3584 orationes
1131 3523 1262 3601 publicas

157 3619 237 3689 (aunt
250 3626 351 3675 autem
365 3615 421 3675 illae
431 3628 540 3695 praeter
550 3615 725 3696 Philippicas
740 3626 798 3675 etc.
809 3613 956 3675 orationes
966 3614 1094 3674 AEschini
1107 3616 1262 3695 opposite)

157 3728 217 3768 non
238 3708 444 3788 progreditur:
467 3710 507 3769 Et
521 3729 557 3769 eo
570 3728 640 3769 sane
661 3706 787 3767 termino
806 3706 946 3787 plurimos
960 3706 1056 3767 codd.
1068 3706 1174 3765 MStos
1189 3728 1261 3771 eon.

159 3800 237 3861 cludi
261 3800 350 3863 sensi.
401 3802 493 3862 Liber
511 3801 561 3862 ille
575 3800 723 3881 quondam
744 3799 784 3859 ad
805 3798 971 3860 Ecclesiam
990 3800 1212 3880 Ripponensem
1230 3802 1262 3862 in

158 3914 230 3975 agro
246 3894 427 3973 Eboracensi
439 3898 602 3976 spectabat.

201 4075 309 4137 Codex
334 4076 431 4137 Iacchi
449 4078 558 4137 Harrir
582 4076 815 4149 sarisberiensis,
833 4077 989 4157 Armigeri,
1003 4078 1066 4139 Viri
1086 4096 1147 4139 non
1167 4079 1262 4141 solnm

157 4168 306 4229 literarum
322 4169 478 4249 elegantior
490 4190 591 4231 rerum
605 4170 683 4230 omni
697 4188 809 4249 genere
822 4168 916 4231 laudis
929 4172 1169 4251 prestantissimi.
1190 4171 1262 4230 Per·

159 4262 269 4323 tinelrat
292 4262 360 4321 olim
382 4264 422 4323 ad
435 4266 533 4325 Emori.
556 4264 715 4323 Martinam
730 4264 884 4323 Decannm
901 4265 1091 4337 Alonensem‚
1112 4266 1196 4340 cujus
1208 4261 1262 4321 dc·

162 4342 327 4437 scriptione
342 4367 418 4429 utor,
443 4368 539 4417 sumta
563 4360 687 4437 exejus
711 4358 842 4438 epistolis
859 4358 913 4417 Vl.
929 4364 976 4419 lt.
1019 4366 1038 4396 “
1054 4356 1150 4419 Codd.
1174 4373 1263 4435 porro

161 4466 244 4509 manu
264 4462 405 4511 exaratos
419 4462 522 4511 nactus
542 4470 607 4511 sum
628 4451 867 4531 aliquot-Alter
887 4451 1082 4531 antiquiorum
1097 4448 1263 4514 Rhetorum
