<?xml version="1.0" encoding="UTF-8"?>
<!DOCTYPE html PUBLIC "-//W3C//DTD XHTML 1.0 Transitional//EN"
    "http://www.w3.org/TR/xhtml1/DTD/xhtml1-transitional.dtd">
<html xmlns="http://www.w3.org/1999/xhtml" xml:lang="en" lang="en">
 <head>
  <title>
</title>
<meta http-equiv="Content-Type" content="text/html;charset=utf-8" />
  <meta name='ocr-system' content='tesseract 3.04.00' />
  <meta name='ocr-capabilities' content='ocr_page ocr_carea ocr_par ocr_line ocrx_word'/>
</head>
<body>
  <div class='ocr_page' id='page_1' title='image "./demosthenisetsc02dupogoog_0159.png"; bbox 0 0 2984 4917; ppageno 0'>
   <div class='ocr_carea' id='block_1_1' title="bbox 473 326 1268 391">
    <p class='ocr_par' dir='ltr' id='par_1_1' title="bbox 473 326 1268 391">
     <span class='ocr_line' id='line_1_1' title="bbox 473 326 1268 391; baseline 0.003 -2"><span class='ocrx_word' id='word_1_1' title='bbox 473 330 534 391; x_wconf 82' lang='lat' dir='ltr'><strong>AD</strong></span> <span class='ocrx_word' id='word_1_2' title='bbox 557 328 908 391; x_wconf 83' lang='lat' dir='ltr'>DEMOSTHENBM</span> <span class='ocrx_word' id='word_1_3' title='bbox 1231 326 1268 391; x_wconf 82' lang='lat' dir='ltr'><strong>eti</strong></span> 
     </span>
    </p>
   </div>
   <div class='ocr_carea' id='block_1_2' title="bbox 95 482 1305 3988">
    <p class='ocr_par' dir='ltr' id='par_1_2' title="bbox 168 482 1271 639">
     <span class='ocr_line' id='line_1_2' title="bbox 168 482 1271 565; baseline -0.002 -20"><span class='ocrx_word' id='word_1_4' title='bbox 168 496 225 545; x_wconf 78' lang='lat' dir='ltr'><strong>set</strong></span> <span class='ocrx_word' id='word_1_5' title='bbox 239 486 428 547; x_wconf 75' lang='lat' dir='ltr'><strong>incremento</strong></span> <span class='ocrx_word' id='word_1_6' title='bbox 448 482 595 565; x_wconf 78' lang='lat' dir='ltr'><strong>inscriptas</strong></span> <span class='ocrx_word' id='word_1_7' title='bbox 612 484 681 547; x_wconf 82' lang='lat' dir='ltr'><strong>setis</strong></span> <span class='ocrx_word' id='word_1_8' title='bbox 694 484 776 549; x_wconf 87' lang='lat' dir='ltr'><strong>clare</strong></span> <span class='ocrx_word' id='word_1_9' title='bbox 787 484 953 559; x_wconf 73' lang='lat' dir='ltr'><strong>rideantur,</strong></span> <span class='ocrx_word' id='word_1_10' title='bbox 966 482 1048 545; x_wconf 88' lang='lat' dir='ltr'><strong>nulla</strong></span> <span class='ocrx_word' id='word_1_11' title='bbox 1062 492 1162 543; x_wconf 82' lang='lat' dir='ltr'><strong>tamen</strong></span> <span class='ocrx_word' id='word_1_12' title='bbox 1180 501 1271 563; x_wconf 82' lang='lat' dir='ltr'><strong>appa.</strong></span> 
     </span>
     <span class='ocr_line' id='line_1_3' title="bbox 169 587 382 639; baseline -0.019 0"><span class='ocrx_word' id='word_1_13' title='bbox 169 587 252 639; x_wconf 86' lang='lat' dir='ltr'><strong>rente</strong></span> <span class='ocrx_word' id='word_1_14' title='bbox 271 594 382 637; x_wconf 83' lang='lat' dir='ltr'><strong>rasura.</strong></span> 
     </span>
    </p>

    <p class='ocr_par' dir='ltr' id='par_1_3' title="bbox 164 669 1305 1487">
     <span class='ocr_line' id='line_1_4' title="bbox 164 669 1271 746; baseline 0.001 -17"><span class='ocrx_word' id='word_1_15' title='bbox 164 702 170 711; x_wconf 93' lang='lat'>·</span> <span class='ocrx_word' id='word_1_16' title='bbox 207 669 290 729; x_wconf 78' lang='lat' dir='ltr'><strong>Aldu</strong></span> <span class='ocrx_word' id='word_1_17' title='bbox 314 669 421 729; x_wconf 88' lang='lat' dir='ltr'><strong>idem&#39;</strong></span> <span class='ocrx_word' id='word_1_18' title='bbox 408 686 471 746; x_wconf 80' lang='lat' dir='ltr'><strong>Jsm</strong></span> <span class='ocrx_word' id='word_1_19' title='bbox 490 680 559 729; x_wconf 88' lang='lat' dir='ltr'><strong>ante</strong></span> <span class='ocrx_word' id='word_1_20' title='bbox 581 681 718 731; x_wconf 85' lang='lat' dir='ltr'><strong>evenerat</strong></span> <span class='ocrx_word' id='word_1_21' title='bbox 735 682 770 731; x_wconf 91' lang='lat' dir='ltr'><strong>ut</strong></span> <span class='ocrx_word' id='word_1_22' title='bbox 783 671 974 733; x_wconf 86' lang='lat' dir='ltr'><strong>Tbeocritum</strong></span> <span class='ocrx_word' id='word_1_23' title='bbox 996 671 1102 733; x_wconf 90' lang='lat' dir='ltr'><strong>eodem</strong></span> <span class='ocrx_word' id='word_1_24' title='bbox 1122 688 1199 730; x_wconf 90' lang='lat' dir='ltr'><strong>anno</strong></span> <span class='ocrx_word' id='word_1_25' title='bbox 1219 690 1271 730; x_wconf 89' lang='lat' dir='ltr'><strong>eo·</strong></span> 
     </span>
     <span class='ocr_line' id='line_1_5' title="bbox 168 760 1271 841; baseline 0.002 -20"><span class='ocrx_word' id='word_1_26' title='bbox 168 760 297 840; x_wconf 85' lang='lat' dir='ltr'><strong>demque</strong></span> <span class='ocrx_word' id='word_1_27' title='bbox 320 760 377 821; x_wconf 91' lang='lat' dir='ltr'><strong>sub</strong></span> <span class='ocrx_word' id='word_1_28' title='bbox 400 760 497 841; x_wconf 82' lang='lat' dir='ltr'><strong>elogio</strong></span> <span class='ocrx_word' id='word_1_29' title='bbox 512 762 671 840; x_wconf 79' lang='lat' dir='ltr'><strong>geminum,</strong></span> <span class='ocrx_word' id='word_1_30' title='bbox 686 764 812 825; x_wconf 76' lang='lat' dir='ltr'><strong>alterum</strong></span> <span class='ocrx_word' id='word_1_31' title='bbox 832 766 870 825; x_wconf 87' lang='lat' dir='ltr'><strong>ab</strong></span> <span class='ocrx_word' id='word_1_32' title='bbox 891 762 991 824; x_wconf 80' lang='lat' dir='ltr'><strong>altero</strong></span> <span class='ocrx_word' id='word_1_33' title='bbox 1005 765 1194 824; x_wconf 86' lang='lat' dir='ltr'><strong>vehementer</strong></span> <span class='ocrx_word' id='word_1_34' title='bbox 1214 763 1271 823; x_wconf 85' lang='lat' dir='ltr'><strong>dis·</strong></span> 
     </span>
     <span class='ocr_line' id='line_1_6' title="bbox 167 836 1269 961; baseline -0.001 -47"><span class='ocrx_word' id='word_1_35' title='bbox 167 854 315 915; x_wconf 85' lang='lat' dir='ltr'><strong>sidentem</strong></span> <span class='ocrx_word' id='word_1_36' title='bbox 328 853 442 924; x_wconf 82' lang='lat' dir='ltr'>ederet,</span> <span class='ocrx_word' id='word_1_37' title='bbox 456 864 489 913; x_wconf 91' lang='lat' dir='ltr'><strong>ut</strong></span> <span class='ocrx_word' id='word_1_38' title='bbox 501 854 532 913; x_wconf 90' lang='lat' dir='ltr'><strong>in</strong></span> <span class='ocrx_word' id='word_1_39' title='bbox 545 854 717 934; x_wconf 83' lang='lat' dir='ltr'><strong>praefatione</strong></span> <span class='ocrx_word' id='word_1_40' title='bbox 733 855 772 916; x_wconf 89' lang='lat' dir='ltr'><strong>ad</strong></span> <span class='ocrx_word' id='word_1_41' title='bbox 784 855 969 916; x_wconf 83' lang='lat' dir='ltr'><strong>novissimam</strong></span> <span class='ocrx_word' id='word_1_42' title='bbox 982 864 1077 933; x_wconf 75' lang='lat' dir='ltr'><strong>poete</strong></span> <span class='ocrx_word' id='word_1_43' title='bbox 1093 836 1269 961; x_wconf 76' lang='lat' dir='ltr'><strong>Syracusani</strong></span> 
     </span>
     <span class='ocr_line' id='line_1_7' title="bbox 169 944 1270 1026; baseline 0.001 -20"><span class='ocrx_word' id='word_1_44' title='bbox 169 945 337 1015; x_wconf 84' lang='lat' dir='ltr'><strong>editionem,</strong></span> <span class='ocrx_word' id='word_1_45' title='bbox 350 944 399 1006; x_wconf 91' lang='lat' dir='ltr'><strong>hic</strong></span> <span class='ocrx_word' id='word_1_46' title='bbox 412 944 521 1024; x_wconf 79' lang='lat' dir='ltr'><strong>Lipsiae</strong></span> <span class='ocrx_word' id='word_1_47' title='bbox 534 958 674 1021; x_wconf 90' lang='lat' dir='ltr'><strong>curatam,</strong></span> <span class='ocrx_word' id='word_1_48' title='bbox 689 947 903 1018; x_wconf 78' lang='lat' dir='ltr'><strong>demonstrari3</strong></span> <span class='ocrx_word' id='word_1_49' title='bbox 922 966 1017 1025; x_wconf 88' lang='lat' dir='ltr'><strong>neque</strong></span> <span class='ocrx_word' id='word_1_50' title='bbox 1031 946 1142 1025; x_wconf 79' lang='lat' dir='ltr'><strong>dubito,</strong></span> <span class='ocrx_word' id='word_1_51' title='bbox 1152 966 1232 1026; x_wconf 90' lang='lat' dir='ltr'><strong>qum</strong></span> <span class='ocrx_word' id='word_1_52' title='bbox 1244 945 1270 1007; x_wconf 84' lang='lat' dir='ltr'><strong>si</strong></span> 
     </span>
     <span class='ocr_line' id='line_1_8' title="bbox 169 1036 1271 1121; baseline -0.001 -21"><span class='ocrx_word' id='word_1_53' title='bbox 169 1048 323 1099; x_wconf 75' lang='lat' dir='ltr'><strong>auctorum</strong></span> <span class='ocrx_word' id='word_1_54' title='bbox 345 1036 500 1097; x_wconf 89' lang='lat' dir='ltr'><strong>latinorum</strong></span> <span class='ocrx_word' id='word_1_55' title='bbox 524 1058 750 1121; x_wconf 39' lang='lat' dir='ltr'><strong>graecorumque,</strong></span> <span class='ocrx_word' id='word_1_56' title='bbox 768 1039 895 1101; x_wconf 83' lang='lat' dir='ltr'><strong>editores</strong></span> <span class='ocrx_word' id='word_1_57' title='bbox 920 1039 1119 1118; x_wconf 81' lang='lat' dir='ltr'><strong>diligentius</strong></span> <span class='ocrx_word' id='word_1_58' title='bbox 1111 1058 1141 1097; x_wconf 91' lang='grc' dir='ltr'><strong>ιιι</strong></span> <span class='ocrx_word' id='word_1_59' title='bbox 1163 1040 1271 1119; x_wconf 86' lang='lat' dir='ltr'><strong>primas</strong></span> 
     </span>
     <span class='ocr_line' id='line_1_9' title="bbox 171 1128 1271 1213; baseline -0.002 -22"><span class='ocrx_word' id='word_1_60' title='bbox 171 1134 314 1210; x_wconf 85' lang='lat' dir='ltr'><strong>cujusque</strong></span> <span class='ocrx_word' id='word_1_61' title='bbox 332 1128 460 1191; x_wconf 89' lang='lat' dir='ltr'><strong>auctoris</strong></span> <span class='ocrx_word' id='word_1_62' title='bbox 480 1130 623 1193; x_wconf 70' lang='lat' dir='ltr'><strong>editiones</strong></span> <span class='ocrx_word' id='word_1_63' title='bbox 643 1132 800 1213; x_wconf 85' lang='lat' dir='ltr'><strong>inquirant,</strong></span> <span class='ocrx_word' id='word_1_64' title='bbox 810 1130 890 1212; x_wconf 92' lang='lat' dir='ltr'><strong>quod</strong></span> <span class='ocrx_word' id='word_1_65' title='bbox 903 1150 920 1191; x_wconf 91' lang='lat' dir='ltr'><strong>e</strong></span> <span class='ocrx_word' id='word_1_66' title='bbox 933 1150 966 1191; x_wconf 90' lang='lat' dir='ltr'><strong>re</strong></span> <span class='ocrx_word' id='word_1_67' title='bbox 978 1130 1129 1191; x_wconf 87' lang='lat' dir='ltr'><strong>literarum</strong></span> <span class='ocrx_word' id='word_1_68' title='bbox 1139 1142 1187 1196; x_wconf 84' lang='lat' dir='ltr'><strong>est</strong></span> <span class='ocrx_word' id='word_1_69' title='bbox 1197 1130 1271 1202; x_wconf 85' lang='lat' dir='ltr'><strong>fieri</strong></span> 
     </span>
     <span class='ocr_line' id='line_1_10' title="bbox 171 1221 1305 1302; baseline 0.001 -20"><span class='ocrx_word' id='word_1_70' title='bbox 171 1233 297 1295; x_wconf 87' lang='lat' dir='ltr'><strong>constet,</strong></span> <span class='ocrx_word' id='word_1_71' title='bbox 312 1233 344 1281; x_wconf 92' lang='lat' dir='ltr'><strong>et</strong></span> <span class='ocrx_word' id='word_1_72' title='bbox 358 1222 395 1282; x_wconf 85' lang='lat' dir='ltr'><strong>eb</strong></span> <span class='ocrx_word' id='word_1_73' title='bbox 410 1221 501 1294; x_wconf 82' lang='lat' dir='ltr'><strong>Aldu,</strong></span> <span class='ocrx_word' id='word_1_74' title='bbox 516 1232 547 1282; x_wconf 91' lang='lat' dir='ltr'><strong>et</strong></span> <span class='ocrx_word' id='word_1_75' title='bbox 560 1224 598 1283; x_wconf 89' lang='lat' dir='ltr'><strong>ab</strong></span> <span class='ocrx_word' id='word_1_76' title='bbox 612 1221 685 1294; x_wconf 89' lang='lat' dir='ltr'><strong>aliis,</strong></span> <span class='ocrx_word' id='word_1_77' title='bbox 700 1226 764 1302; x_wconf 86' lang='lat' dir='ltr'><strong>ejus</strong></span> <span class='ocrx_word' id='word_1_78' title='bbox 777 1222 948 1302; x_wconf 84' lang='lat' dir='ltr'><strong>aequalibus,</strong></span> <span class='ocrx_word' id='word_1_79' title='bbox 962 1222 1085 1283; x_wconf 88' lang='lat' dir='ltr'><strong>eandem</strong></span> <span class='ocrx_word' id='word_1_80' title='bbox 1099 1241 1219 1302; x_wconf 82' lang='lat' dir='ltr'><strong>operam</strong></span> <span class='ocrx_word' id='word_1_81' title='bbox 1238 1221 1274 1281; x_wconf 82' lang='lat' dir='ltr'><strong>fi·</strong></span> <span class='ocrx_word' id='word_1_82' title='bbox 1300 1273 1305 1283; x_wconf 41' lang='grc' dir='ltr'><strong>ι</strong></span> 
     </span>
     <span class='ocr_line' id='line_1_11' title="bbox 172 1313 1272 1407; baseline -0.002 -32"><span class='ocrx_word' id='word_1_83' title='bbox 172 1313 329 1393; x_wconf 89' lang='lat' dir='ltr'><strong>demque</strong></span> <span class='ocrx_word' id='word_1_84' title='bbox 318 1316 508 1407; x_wconf 53' lang='lat' dir='ltr'><strong>cmopenbus</strong></span> <span class='ocrx_word' id='word_1_85' title='bbox 531 1315 591 1375; x_wconf 86' lang='lat' dir='ltr'><strong>suis</strong></span> <span class='ocrx_word' id='word_1_86' title='bbox 614 1316 654 1379; x_wconf 83' lang='lat' dir='ltr'><strong>ed</strong></span> <span class='ocrx_word' id='word_1_87' title='bbox 673 1315 813 1377; x_wconf 85' lang='lat' dir='ltr'><strong>incudem</strong></span> <span class='ocrx_word' id='word_1_88' title='bbox 832 1314 1005 1377; x_wconf 82' lang='lat' dir='ltr'><strong>revocandis</strong></span> <span class='ocrx_word' id='word_1_89' title='bbox 1024 1313 1208 1393; x_wconf 87' lang='lat' dir='ltr'><strong>meliusque</strong></span> <span class='ocrx_word' id='word_1_90' title='bbox 1200 1325 1272 1375; x_wconf 88' lang='lat' dir='ltr'><strong>rtem</strong></span> 
     </span>
     <span class='ocr_line' id='line_1_12' title="bbox 171 1406 739 1487; baseline 0.004 -20"><span class='ocrx_word' id='word_1_91' title='bbox 171 1418 203 1467; x_wconf 89' lang='lat' dir='ltr'><strong>et</strong></span> <span class='ocrx_word' id='word_1_92' title='bbox 215 1406 321 1468; x_wconf 84' lang='lat' dir='ltr'><strong>melius</strong></span> <span class='ocrx_word' id='word_1_93' title='bbox 333 1406 510 1468; x_wconf 81' lang='lat' dir='ltr'><strong>recudendis</strong></span> <span class='ocrx_word' id='word_1_94' title='bbox 524 1406 648 1487; x_wconf 90' lang='lat' dir='ltr'><strong>positam</strong></span> <span class='ocrx_word' id='word_1_95' title='bbox 663 1426 739 1469; x_wconf 88' lang='lat' dir='ltr'><strong>esse.</strong></span> 
     </span>
    </p>

    <p class='ocr_par' dir='ltr' id='par_1_4' title="bbox 95 1498 1282 3988">
     <span class='ocr_line' id='line_1_13' title="bbox 213 1498 1272 1581; baseline -0.003 -20"><span class='ocrx_word' id='word_1_96' title='bbox 213 1499 260 1561; x_wconf 90' lang='lat' dir='ltr'><strong>Ut</strong></span> <span class='ocrx_word' id='word_1_97' title='bbox 271 1508 362 1561; x_wconf 87' lang='lat' dir='ltr'><strong>mater</strong></span> <span class='ocrx_word' id='word_1_98' title='bbox 374 1509 421 1559; x_wconf 88' lang='lat' dir='ltr'><strong>est</strong></span> <span class='ocrx_word' id='word_1_99' title='bbox 431 1498 543 1561; x_wconf 85' lang='lat' dir='ltr'><strong>Aldina</strong></span> <span class='ocrx_word' id='word_1_100' title='bbox 555 1499 629 1561; x_wconf 83' lang='lat' dir='ltr'><strong>texti</strong></span> <span class='ocrx_word' id='word_1_101' title='bbox 643 1498 876 1572; x_wconf 89' lang='lat' dir='ltr'><strong>Demosthenici,</strong></span> <span class='ocrx_word' id='word_1_102' title='bbox 889 1498 967 1581; x_wconf 84' lang='lat' dir='ltr'><strong>typis</strong></span> <span class='ocrx_word' id='word_1_103' title='bbox 979 1498 1144 1580; x_wconf 69' lang='lat' dir='ltr'><strong>prouulgari</strong></span> <span class='ocrx_word' id='word_1_104' title='bbox 1161 1504 1212 1561; x_wconf 90' lang='lat' dir='ltr'><strong>et</strong></span> <span class='ocrx_word' id='word_1_105' title='bbox 1204 1518 1272 1579; x_wconf 91' lang='lat' dir='ltr'><strong>pro-</strong></span> 
     </span>
     <span class='ocr_line' id='line_1_14' title="bbox 173 1590 1274 1673; baseline 0 -22"><span class='ocrx_word' id='word_1_106' title='bbox 173 1590 285 1671; x_wconf 70' lang='lat' dir='ltr'><strong>pagati,</strong></span> <span class='ocrx_word' id='word_1_107' title='bbox 302 1592 343 1653; x_wconf 90' lang='lat' dir='ltr'><strong>sic</strong></span> <span class='ocrx_word' id='word_1_108' title='bbox 357 1592 462 1654; x_wconf 88' lang='lat' dir='ltr'><strong>eadem</strong></span> <span class='ocrx_word' id='word_1_109' title='bbox 476 1602 570 1652; x_wconf 88' lang='lat' dir='ltr'><strong>mater</strong></span> <span class='ocrx_word' id='word_1_110' title='bbox 583 1603 629 1653; x_wconf 88' lang='lat' dir='ltr'><strong>est</strong></span> <span class='ocrx_word' id='word_1_111' title='bbox 643 1592 758 1653; x_wconf 73' lang='lat' dir='ltr'><strong>critices</strong></span> <span class='ocrx_word' id='word_1_112' title='bbox 768 1612 885 1673; x_wconf 90' lang='lat' dir='ltr'><strong>quoque</strong></span> <span class='ocrx_word' id='word_1_113' title='bbox 896 1592 1144 1663; x_wconf 82' lang='lat' dir='ltr'><strong>Demosthenicae,</strong></span> <span class='ocrx_word' id='word_1_114' title='bbox 1157 1592 1214 1652; x_wconf 88' lang='lat' dir='ltr'><strong>boc</strong></span> <span class='ocrx_word' id='word_1_115' title='bbox 1228 1600 1274 1651; x_wconf 84' lang='lat' dir='ltr'><strong>est</strong></span> 
     </span>
     <span class='ocr_line' id='line_1_15' title="bbox 170 1683 1275 1758; baseline -0.004 -11"><span class='ocrx_word' id='word_1_116' title='bbox 170 1683 262 1747; x_wconf 80' lang='lat' dir='ltr'><strong>studii</strong></span> <span class='ocrx_word' id='word_1_117' title='bbox 276 1684 418 1747; x_wconf 84' lang='lat' dir='ltr'><strong>lectiones</strong></span> <span class='ocrx_word' id='word_1_118' title='bbox 428 1684 584 1757; x_wconf 77' lang='lat' dir='ltr'><strong>raritates,</strong></span> <span class='ocrx_word' id='word_1_119' title='bbox 598 1684 629 1745; x_wconf 91' lang='lat' dir='ltr'><strong>in</strong></span> <span class='ocrx_word' id='word_1_120' title='bbox 642 1684 723 1747; x_wconf 91' lang='lat' dir='ltr'><strong>libris</strong></span> <span class='ocrx_word' id='word_1_121' title='bbox 735 1685 964 1746; x_wconf 87' lang='lat' dir='ltr'><strong>demosthenicis</strong></span> <span class='ocrx_word' id='word_1_122' title='bbox 980 1694 1178 1758; x_wconf 88' lang='lat' dir='ltr'><strong>occurrentes,</strong></span> <span class='ocrx_word' id='word_1_123' title='bbox 1192 1684 1275 1744; x_wconf 88' lang='lat' dir='ltr'><strong>colli·</strong></span> 
     </span>
     <span class='ocr_line' id='line_1_16' title="bbox 172 1775 1273 1858; baseline -0.001 -22"><span class='ocrx_word' id='word_1_124' title='bbox 172 1776 263 1856; x_wconf 74' lang='lat' dir='ltr'><strong>gendi</strong></span> <span class='ocrx_word' id='word_1_125' title='bbox 276 1786 307 1837; x_wconf 89' lang='lat' dir='ltr'><strong>et</strong></span> <span class='ocrx_word' id='word_1_126' title='bbox 325 1777 356 1837; x_wconf 88' lang='lat' dir='ltr'><strong>in</strong></span> <span class='ocrx_word' id='word_1_127' title='bbox 375 1777 473 1837; x_wconf 89' lang='lat' dir='ltr'><strong>medio</strong></span> <span class='ocrx_word' id='word_1_128' title='bbox 487 1778 625 1858; x_wconf 87' lang='lat' dir='ltr'><strong>ponendi.</strong></span> <span class='ocrx_word' id='word_1_129' title='bbox 667 1777 763 1839; x_wconf 85' lang='lat' dir='ltr'><strong>Aldus</strong></span> <span class='ocrx_word' id='word_1_130' title='bbox 783 1777 861 1837; x_wconf 91' lang='lat' dir='ltr'><strong>enim</strong></span> <span class='ocrx_word' id='word_1_131' title='bbox 881 1776 989 1858; x_wconf 87' lang='lat' dir='ltr'><strong>primus</strong></span> <span class='ocrx_word' id='word_1_132' title='bbox 1007 1776 1132 1836; x_wconf 86' lang='lat' dir='ltr'><strong>indicem</strong></span> <span class='ocrx_word' id='word_1_133' title='bbox 1154 1775 1273 1837; x_wconf 89' lang='lat' dir='ltr'><strong>editioni</strong></span> 
     </span>
     <span class='ocr_line' id='line_1_17' title="bbox 171 1868 1271 1949; baseline 0.003 -21"><span class='ocrx_word' id='word_1_134' title='bbox 171 1888 232 1929; x_wconf 76' lang='lat' dir='ltr'><strong>suae</strong></span> <span class='ocrx_word' id='word_1_135' title='bbox 245 1870 379 1948; x_wconf 87' lang='lat' dir='ltr'><strong>subjecit,</strong></span> <span class='ocrx_word' id='word_1_136' title='bbox 401 1870 574 1931; x_wconf 74' lang='lat' dir='ltr'><strong>variantium</strong></span> <span class='ocrx_word' id='word_1_137' title='bbox 587 1870 759 1943; x_wconf 89' lang='lat' dir='ltr'><strong>lectionum,</strong></span> <span class='ocrx_word' id='word_1_138' title='bbox 772 1889 844 1949; x_wconf 89' lang='lat' dir='ltr'><strong>quaa</strong></span> <span class='ocrx_word' id='word_1_139' title='bbox 857 1868 889 1929; x_wconf 94' lang='lat' dir='ltr'><strong>in</strong></span> <span class='ocrx_word' id='word_1_140' title='bbox 907 1869 1001 1929; x_wconf 88' lang='lat' dir='ltr'><strong>tribus</strong></span> <span class='ocrx_word' id='word_1_141' title='bbox 1021 1868 1170 1929; x_wconf 75' lang='lat' dir='ltr'><strong>codicibus</strong></span> <span class='ocrx_word' id='word_1_142' title='bbox 1183 1868 1271 1931; x_wconf 82' lang='lat' dir='ltr'><strong>Dent.</strong></span> 
     </span>
     <span class='ocr_line' id='line_1_18' title="bbox 172 1961 1271 2043; baseline 0.001 -23"><span class='ocrx_word' id='word_1_143' title='bbox 172 1962 338 2042; x_wconf 88' lang='lat' dir='ltr'><strong>reperisset.</strong></span> <span class='ocrx_word' id='word_1_144' title='bbox 381 1962 440 2023; x_wconf 83' lang='lat' dir='ltr'><strong>Tot</strong></span> <span class='ocrx_word' id='word_1_145' title='bbox 462 1964 541 2025; x_wconf 89' lang='lat' dir='ltr'><strong>enim</strong></span> <span class='ocrx_word' id='word_1_146' title='bbox 561 1963 679 2023; x_wconf 92' lang='lat' dir='ltr'><strong>omnino</strong></span> <span class='ocrx_word' id='word_1_147' title='bbox 701 1963 821 2025; x_wconf 84' lang='lat' dir='ltr'><strong>codices</strong></span> <span class='ocrx_word' id='word_1_148' title='bbox 841 1962 896 2023; x_wconf 86' lang='lat' dir='ltr'><strong>sibi</strong></span> <span class='ocrx_word' id='word_1_149' title='bbox 915 1972 1023 2043; x_wconf 79' lang='lat' dir='ltr'><strong>presto</strong></span> <span class='ocrx_word' id='word_1_150' title='bbox 1046 1961 1137 2022; x_wconf 81' lang='lat' dir='ltr'><strong>fuisse</strong></span> <span class='ocrx_word' id='word_1_151' title='bbox 1160 1961 1271 2021; x_wconf 90' lang='lat' dir='ltr'><strong>Demo-</strong></span> 
     </span>
     <span class='ocr_line' id='line_1_19' title="bbox 172 2053 1274 2136; baseline -0.004 -21"><span class='ocrx_word' id='word_1_152' title='bbox 172 2055 306 2115; x_wconf 84' lang='lat' dir='ltr'><strong>sthenem</strong></span> <span class='ocrx_word' id='word_1_153' title='bbox 321 2054 421 2115; x_wconf 82' lang='lat' dir='ltr'><strong>edenti</strong></span> <span class='ocrx_word' id='word_1_154' title='bbox 439 2055 501 2135; x_wconf 90' lang='lat' dir='ltr'><strong>ipse</strong></span> <span class='ocrx_word' id='word_1_155' title='bbox 514 2056 623 2117; x_wconf 84' lang='lat' dir='ltr'><strong>fatetur</strong></span> <span class='ocrx_word' id='word_1_156' title='bbox 637 2074 674 2116; x_wconf 90' lang='lat' dir='ltr'><strong>eo</strong></span> <span class='ocrx_word' id='word_1_157' title='bbox 687 2053 767 2126; x_wconf 92' lang='lat' dir='ltr'><strong>loco,</strong></span> <span class='ocrx_word' id='word_1_158' title='bbox 777 2074 864 2135; x_wconf 90' lang='lat' dir='ltr'><strong>quem</strong></span> <span class='ocrx_word' id='word_1_159' title='bbox 885 2073 974 2136; x_wconf 81' lang='lat' dir='ltr'><strong>supra</strong></span> <span class='ocrx_word' id='word_1_160' title='bbox 992 2053 1120 2115; x_wconf 76' lang='lat' dir='ltr'><strong>recitari.</strong></span> <span class='ocrx_word' id='word_1_161' title='bbox 1161 2053 1274 2113; x_wconf 86' lang='lat' dir='ltr'><strong>Intelli-</strong></span> 
     </span>
     <span class='ocr_line' id='line_1_20' title="bbox 172 2146 1273 2229; baseline -0.003 -22"><span class='ocrx_word' id='word_1_162' title='bbox 172 2148 264 2225; x_wconf 77' lang='lat' dir='ltr'><strong>gebut</strong></span> <span class='ocrx_word' id='word_1_163' title='bbox 283 2166 389 2227; x_wconf 85' lang='lat' dir='ltr'><strong>nempe</strong></span> <span class='ocrx_word' id='word_1_164' title='bbox 405 2148 512 2221; x_wconf 82' lang='lat' dir='ltr'><strong>Aldus,</strong></span> <span class='ocrx_word' id='word_1_165' title='bbox 532 2158 648 2209; x_wconf 86' lang='lat' dir='ltr'><strong>uteret</strong></span> <span class='ocrx_word' id='word_1_166' title='bbox 667 2148 729 2229; x_wconf 86' lang='lat' dir='ltr'><strong>ipse</strong></span> <span class='ocrx_word' id='word_1_167' title='bbox 749 2148 792 2208; x_wconf 76' lang='grc' dir='ltr'><strong>ιιι</strong></span> <span class='ocrx_word' id='word_1_168' title='bbox 810 2148 924 2221; x_wconf 88' lang='lat' dir='ltr'><strong>doctus,</strong></span> <span class='ocrx_word' id='word_1_169' title='bbox 946 2167 998 2209; x_wconf 81' lang='lat' dir='ltr'><strong>seu</strong></span> <span class='ocrx_word' id='word_1_170' title='bbox 1019 2146 1273 2220; x_wconf 85' lang='lat' dir='ltr'><strong>Carteromacbus‚</strong></span> 
     </span>
     <span class='ocr_line' id='line_1_21' title="bbox 173 2238 1273 2319; baseline -0.002 -18"><span class='ocrx_word' id='word_1_171' title='bbox 173 2244 256 2319; x_wconf 87' lang='lat' dir='ltr'><strong>cujus</strong></span> <span class='ocrx_word' id='word_1_172' title='bbox 270 2239 397 2302; x_wconf 84' lang='lat' dir='ltr'><strong>consiliis</strong></span> <span class='ocrx_word' id='word_1_173' title='bbox 411 2240 460 2302; x_wconf 87' lang='lat' dir='ltr'><strong>ille</strong></span> <span class='ocrx_word' id='word_1_174' title='bbox 473 2254 536 2301; x_wconf 89' lang='lat' dir='ltr'><strong>tum</strong></span> <span class='ocrx_word' id='word_1_175' title='bbox 556 2241 587 2301; x_wconf 91' lang='lat' dir='ltr'><strong>in</strong></span> <span class='ocrx_word' id='word_1_176' title='bbox 604 2240 776 2302; x_wconf 73' lang='lat' dir='ltr'><strong>adornanda</strong></span> <span class='ocrx_word' id='word_1_177' title='bbox 795 2240 855 2301; x_wconf 88' lang='lat' dir='ltr'><strong>suis</strong></span> <span class='ocrx_word' id='word_1_178' title='bbox 875 2260 1040 2319; x_wconf 71' lang='lat' dir='ltr'><strong>grecorum</strong></span> <span class='ocrx_word' id='word_1_179' title='bbox 1059 2238 1273 2319; x_wconf 85' lang='lat' dir='ltr'><strong>latinorumque</strong></span> 
     </span>
     <span class='ocr_line' id='line_1_22' title="bbox 173 2331 1276 2415; baseline 0 -22"><span class='ocrx_word' id='word_1_180' title='bbox 173 2344 330 2394; x_wconf 89' lang='lat' dir='ltr'><strong>auctorum</strong></span> <span class='ocrx_word' id='word_1_181' title='bbox 343 2332 427 2393; x_wconf 80' lang='lat' dir='ltr'><strong>editt.</strong></span> <span class='ocrx_word' id='word_1_182' title='bbox 440 2334 588 2408; x_wconf 85' lang='lat' dir='ltr'><strong>utebatur,</strong></span> <span class='ocrx_word' id='word_1_183' title='bbox 602 2333 830 2415; x_wconf 73' lang='lat' dir='ltr'><strong>magnitudinem</strong></span> <span class='ocrx_word' id='word_1_184' title='bbox 849 2331 1006 2403; x_wconf 80' lang='lat' dir='ltr'><strong>fructuum,</strong></span> <span class='ocrx_word' id='word_1_185' title='bbox 1023 2333 1103 2413; x_wconf 86' lang='lat' dir='ltr'><strong>quie</strong></span> <span class='ocrx_word' id='word_1_186' title='bbox 1117 2332 1276 2393; x_wconf 87' lang='lat' dir='ltr'><strong>collatione</strong></span> 
     </span>
     <span class='ocr_line' id='line_1_23' title="bbox 172 2424 1274 2505; baseline 0.001 -22"><span class='ocrx_word' id='word_1_187' title='bbox 172 2425 319 2485; x_wconf 71' lang='lat' dir='ltr'><strong>vanarum</strong></span> <span class='ocrx_word' id='word_1_188' title='bbox 342 2425 502 2485; x_wconf 89' lang='lat' dir='ltr'><strong>lectionum</strong></span> <span class='ocrx_word' id='word_1_189' title='bbox 523 2424 562 2485; x_wconf 88' lang='lat' dir='ltr'><strong>ed</strong></span> <span class='ocrx_word' id='word_1_190' title='bbox 589 2425 806 2487; x_wconf 86' lang='lat' dir='ltr'><strong>emendandum</strong></span> <span class='ocrx_word' id='word_1_191' title='bbox 827 2435 858 2485; x_wconf 91' lang='lat' dir='ltr'><strong>et</strong></span> <span class='ocrx_word' id='word_1_192' title='bbox 876 2436 960 2486; x_wconf 88' lang='lat' dir='ltr'><strong>recte</strong></span> <span class='ocrx_word' id='word_1_193' title='bbox 979 2424 1203 2505; x_wconf 79' lang='lat' dir='ltr'><strong>intelligendum</strong></span> <span class='ocrx_word' id='word_1_194' title='bbox 1222 2439 1274 2485; x_wconf 87' lang='lat' dir='ltr'><strong>au·</strong></span> 
     </span>
     <span class='ocr_line' id='line_1_24' title="bbox 172 2517 1276 2597; baseline 0 -18"><span class='ocrx_word' id='word_1_195' title='bbox 172 2528 287 2579; x_wconf 87' lang='lat' dir='ltr'><strong>ctorem</strong></span> <span class='ocrx_word' id='word_1_196' title='bbox 300 2536 447 2597; x_wconf 87' lang='lat' dir='ltr'><strong>quemque</strong></span> <span class='ocrx_word' id='word_1_197' title='bbox 463 2528 650 2579; x_wconf 86' lang='lat' dir='ltr'><strong>enascuntur.</strong></span> <span class='ocrx_word' id='word_1_198' title='bbox 693 2518 761 2579; x_wconf 85' lang='lat' dir='ltr'><strong>Sive</strong></span> <span class='ocrx_word' id='word_1_199' title='bbox 775 2518 918 2579; x_wconf 85' lang='lat' dir='ltr'><strong>incideret</strong></span> <span class='ocrx_word' id='word_1_200' title='bbox 929 2518 1006 2578; x_wconf 85' lang='lat' dir='ltr'><strong>forte</strong></span> <span class='ocrx_word' id='word_1_201' title='bbox 1019 2517 1137 2579; x_wconf 82' lang='lat' dir='ltr'><strong>fortune</strong></span> <span class='ocrx_word' id='word_1_202' title='bbox 1148 2517 1179 2577; x_wconf 92' lang='lat' dir='ltr'><strong>in</strong></span> <span class='ocrx_word' id='word_1_203' title='bbox 1198 2523 1276 2595; x_wconf 81' lang='lat' dir='ltr'><strong>ejm·</strong></span> 
     </span>
     <span class='ocr_line' id='line_1_25' title="bbox 173 2608 1274 2691; baseline -0.001 -21"><span class='ocrx_word' id='word_1_204' title='bbox 173 2610 254 2670; x_wconf 84' lang='lat' dir='ltr'><strong>modi</strong></span> <span class='ocrx_word' id='word_1_205' title='bbox 269 2608 413 2681; x_wconf 89' lang='lat' dir='ltr'><strong>codicem,</strong></span> <span class='ocrx_word' id='word_1_206' title='bbox 427 2610 587 2688; x_wconf 70' lang='lat' dir='ltr'><strong>eujusmodi</strong></span> <span class='ocrx_word' id='word_1_207' title='bbox 606 2620 653 2671; x_wconf 90' lang='lat' dir='ltr'><strong>est</strong></span> <span class='ocrx_word' id='word_1_208' title='bbox 663 2608 830 2683; x_wconf 78' lang='lat' dir='ltr'><strong>bavaricus,</strong></span> <span class='ocrx_word' id='word_1_209' title='bbox 841 2628 901 2689; x_wconf 91' lang='lat' dir='ltr'><strong>quo</strong></span> <span class='ocrx_word' id='word_1_210' title='bbox 914 2610 957 2671; x_wconf 89' lang='lat' dir='ltr'><strong>uti</strong></span> <span class='ocrx_word' id='word_1_211' title='bbox 969 2609 1039 2669; x_wconf 90' lang='lat' dir='ltr'><strong>mibi</strong></span> <span class='ocrx_word' id='word_1_212' title='bbox 1053 2610 1152 2681; x_wconf 84' lang='lat' dir='ltr'><strong>licuit;</strong></span> <span class='ocrx_word' id='word_1_213' title='bbox 1170 2630 1229 2691; x_wconf 92' lang='lat' dir='ltr'><strong>quo</strong></span> <span class='ocrx_word' id='word_1_214' title='bbox 1241 2610 1274 2669; x_wconf 88' lang='lat' dir='ltr'><strong>in</strong></span> 
     </span>
     <span class='ocr_line' id='line_1_26' title="bbox 172 2701 1275 2784; baseline 0 -21"><span class='ocrx_word' id='word_1_215' title='bbox 172 2702 280 2763; x_wconf 86' lang='lat' dir='ltr'><strong>codice</strong></span> <span class='ocrx_word' id='word_1_216' title='bbox 301 2701 458 2783; x_wconf 71' lang='lat' dir='ltr'><strong>sepissime</strong></span> <span class='ocrx_word' id='word_1_217' title='bbox 478 2702 566 2763; x_wconf 77' lang='lat' dir='ltr'><strong>variae</strong></span> <span class='ocrx_word' id='word_1_218' title='bbox 586 2702 728 2763; x_wconf 89' lang='lat' dir='ltr'><strong>lectiones</strong></span> <span class='ocrx_word' id='word_1_219' title='bbox 749 2712 801 2763; x_wconf 88' lang='lat' dir='ltr'><strong>aut</strong></span> <span class='ocrx_word' id='word_1_220' title='bbox 819 2721 907 2784; x_wconf 89' lang='lat' dir='ltr'><strong>supra</strong></span> <span class='ocrx_word' id='word_1_221' title='bbox 923 2722 1050 2774; x_wconf 83' lang='lat' dir='ltr'><strong>versum,</strong></span> <span class='ocrx_word' id='word_1_222' title='bbox 1070 2702 1179 2764; x_wconf 82' lang='lat' dir='ltr'><strong>autad</strong></span> <span class='ocrx_word' id='word_1_223' title='bbox 1198 2722 1275 2763; x_wconf 84' lang='lat' dir='ltr'><strong>mar·</strong></span> 
     </span>
     <span class='ocr_line' id='line_1_27' title="bbox 173 2793 1276 2875; baseline 0.001 -20"><span class='ocrx_word' id='word_1_224' title='bbox 173 2794 284 2873; x_wconf 75' lang='lat' dir='ltr'><strong>giuem,</strong></span> <span class='ocrx_word' id='word_1_225' title='bbox 297 2794 335 2853; x_wconf 87' lang='lat' dir='ltr'><strong>ab</strong></span> <span class='ocrx_word' id='word_1_226' title='bbox 355 2794 420 2873; x_wconf 90' lang='lat' dir='ltr'><strong>ipso</strong></span> <span class='ocrx_word' id='word_1_227' title='bbox 440 2793 569 2873; x_wconf 87' lang='lat' dir='ltr'><strong>librario,</strong></span> <span class='ocrx_word' id='word_1_228' title='bbox 582 2794 631 2875; x_wconf 92' lang='lat' dir='ltr'><strong>qui</strong></span> <span class='ocrx_word' id='word_1_229' title='bbox 652 2794 784 2855; x_wconf 91' lang='lat' dir='ltr'><strong>codicem</strong></span> <span class='ocrx_word' id='word_1_230' title='bbox 804 2794 945 2871; x_wconf 80' lang='lat' dir='ltr'><strong>exaravit,</strong></span> <span class='ocrx_word' id='word_1_231' title='bbox 962 2805 1110 2855; x_wconf 76' lang='lat' dir='ltr'><strong>annotatae</strong></span> <span class='ocrx_word' id='word_1_232' title='bbox 1122 2807 1191 2856; x_wconf 87' lang='lat' dir='ltr'><strong>suut</strong></span> <span class='ocrx_word' id='word_1_233' title='bbox 1204 2795 1276 2856; x_wconf 87' lang='lat' dir='ltr'><strong>alius</strong></span> 
     </span>
     <span class='ocr_line' id='line_1_28' title="bbox 174 2886 1276 2967; baseline 0 -20"><span class='ocrx_word' id='word_1_234' title='bbox 174 2888 323 2957; x_wconf 87' lang='lat' dir='ltr'><strong>meliores,</strong></span> <span class='ocrx_word' id='word_1_235' title='bbox 338 2886 409 2947; x_wconf 85' lang='lat' dir='ltr'><strong>alias</strong></span> <span class='ocrx_word' id='word_1_236' title='bbox 421 2891 547 2967; x_wconf 87' lang='lat' dir='ltr'><strong>pejores,</strong></span> <span class='ocrx_word' id='word_1_237' title='bbox 562 2896 595 2946; x_wconf 90' lang='lat' dir='ltr'><strong>ut</strong></span> <span class='ocrx_word' id='word_1_238' title='bbox 608 2886 652 2959; x_wconf 86' lang='lat' dir='ltr'><strong>fit,</strong></span> <span class='ocrx_word' id='word_1_239' title='bbox 666 2887 729 2967; x_wconf 85' lang='lat' dir='ltr'><strong>ipso</strong></span> <span class='ocrx_word' id='word_1_240' title='bbox 743 2898 836 2949; x_wconf 83' lang='lat' dir='ltr'><strong>terto.</strong></span> <span class='ocrx_word' id='word_1_241' title='bbox 878 2886 1009 2947; x_wconf 89' lang='lat' dir='ltr'><strong>Indicern</strong></span> <span class='ocrx_word' id='word_1_242' title='bbox 1028 2887 1108 2949; x_wconf 85' lang='lat' dir='ltr'><strong>bunc</strong></span> <span class='ocrx_word' id='word_1_243' title='bbox 1123 2886 1276 2959; x_wconf 82' lang='lat' dir='ltr'><strong>Aldinum,</strong></span> 
     </span>
     <span class='ocr_line' id='line_1_29' title="bbox 177 2979 1278 3061; baseline -0.001 -22"><span class='ocrx_word' id='word_1_244' title='bbox 177 2979 363 3039; x_wconf 83' lang='lat' dir='ltr'><strong>conservarit</strong></span> <span class='ocrx_word' id='word_1_245' title='bbox 373 2980 569 3059; x_wconf 81' lang='lat' dir='ltr'><strong>Herwagiana</strong></span> <span class='ocrx_word' id='word_1_246' title='bbox 579 2980 752 3060; x_wconf 63' lang='lat' dir='ltr'><strong>primaque</strong></span> <span class='ocrx_word' id='word_1_247' title='bbox 761 2979 1039 3061; x_wconf 80' lang='lat' dir='ltr'><strong>proximaAldinam</strong></span> <span class='ocrx_word' id='word_1_248' title='bbox 1049 2990 1208 3040; x_wconf 85' lang='lat' dir='ltr'><strong>consecuta</strong></span> <span class='ocrx_word' id='word_1_249' title='bbox 1220 2990 1278 3053; x_wconf 86' lang='lat' dir='ltr'><strong>eet,</strong></span> 
     </span>
     <span class='ocr_line' id='line_1_30' title="bbox 176 3071 1279 3147; baseline 0.002 -16"><span class='ocrx_word' id='word_1_250' title='bbox 176 3072 217 3131; x_wconf 90' lang='lat' dir='ltr'><strong>nil</strong></span> <span class='ocrx_word' id='word_1_251' title='bbox 231 3082 388 3133; x_wconf 88' lang='lat' dir='ltr'><strong>mutatum.</strong></span> <span class='ocrx_word' id='word_1_252' title='bbox 430 3072 491 3133; x_wconf 78' lang='lat' dir='ltr'><strong>Sed</strong></span> <span class='ocrx_word' id='word_1_253' title='bbox 512 3071 670 3134; x_wconf 86' lang='lat' dir='ltr'><strong>auctiorem</strong></span> <span class='ocrx_word' id='word_1_254' title='bbox 687 3072 771 3132; x_wconf 90' lang='lat' dir='ltr'><strong>dedit</strong></span> <span class='ocrx_word' id='word_1_255' title='bbox 791 3072 966 3146; x_wconf 88' lang='lat' dir='ltr'><strong>Felicianus,</strong></span> <span class='ocrx_word' id='word_1_256' title='bbox 978 3071 1099 3147; x_wconf 87' lang='lat' dir='ltr'><strong>(Paulus</strong></span> <span class='ocrx_word' id='word_1_257' title='bbox 1119 3071 1196 3133; x_wconf 90' lang='lat' dir='ltr'><strong>enim</strong></span> <span class='ocrx_word' id='word_1_258' title='bbox 1211 3072 1279 3133; x_wconf 88' lang='lat' dir='ltr'><strong>Ma·</strong></span> 
     </span>
     <span class='ocr_line' id='line_1_31' title="bbox 176 3164 1282 3245; baseline 0.001 -20"><span class='ocrx_word' id='word_1_259' title='bbox 176 3166 278 3225; x_wconf 88' lang='lat' dir='ltr'><strong>nutius</strong></span> <span class='ocrx_word' id='word_1_260' title='bbox 291 3166 340 3225; x_wconf 80' lang='lat' dir='ltr'><strong>vix</strong></span> <span class='ocrx_word' id='word_1_261' title='bbox 353 3164 470 3225; x_wconf 86' lang='lat' dir='ltr'><strong>videtur</strong></span> <span class='ocrx_word' id='word_1_262' title='bbox 484 3165 650 3227; x_wconf 84' lang='lat' dir='ltr'><strong>Felicianeo</strong></span> <span class='ocrx_word' id='word_1_263' title='bbox 670 3164 828 3245; x_wconf 91' lang='lat' dir='ltr'><strong>quicquam</strong></span> <span class='ocrx_word' id='word_1_264' title='bbox 842 3165 880 3227; x_wconf 94' lang='lat' dir='ltr'><strong>de</strong></span> <span class='ocrx_word' id='word_1_265' title='bbox 892 3184 947 3227; x_wconf 86' lang='lat' dir='ltr'><strong>suo</strong></span> <span class='ocrx_word' id='word_1_266' title='bbox 960 3164 1131 3241; x_wconf 88' lang='lat' dir='ltr'><strong>addidisse.)</strong></span> <span class='ocrx_word' id='word_1_267' title='bbox 1170 3164 1282 3226; x_wconf 82' lang='lat' dir='ltr'><strong>Motel-</strong></span> 
     </span>
     <span class='ocr_line' id='line_1_32' title="bbox 173 3255 1280 3339; baseline 0 -22"><span class='ocrx_word' id='word_1_268' title='bbox 173 3258 222 3319; x_wconf 83' lang='grc' dir='ltr'><strong>ιιι</strong></span> <span class='ocrx_word' id='word_1_269' title='bbox 240 3259 430 3337; x_wconf 89' lang='lat' dir='ltr'><strong>postmodum</strong></span> <span class='ocrx_word' id='word_1_270' title='bbox 459 3258 559 3337; x_wconf 88' lang='lat' dir='ltr'><strong>copias</strong></span> <span class='ocrx_word' id='word_1_271' title='bbox 584 3258 739 3331; x_wconf 84' lang='lat' dir='ltr'><strong>Parisines,</strong></span> <span class='ocrx_word' id='word_1_272' title='bbox 762 3258 888 3319; x_wconf 86' lang='lat' dir='ltr'><strong>Wolfius</strong></span> <span class='ocrx_word' id='word_1_273' title='bbox 913 3260 1103 3338; x_wconf 75' lang='lat' dir='ltr'><strong>Augrrstanaa</strong></span> <span class='ocrx_word' id='word_1_274' title='bbox 1126 3255 1280 3339; x_wconf 76' lang='lat' dir='ltr'><strong>addidere,</strong></span> 
     </span>
     <span class='ocr_line' id='line_1_33' title="bbox 177 3349 1277 3430; baseline -0.002 -19"><span class='ocrx_word' id='word_1_275' title='bbox 177 3350 288 3430; x_wconf 80' lang='lat' dir='ltr'><strong>Taylor</strong></span> <span class='ocrx_word' id='word_1_276' title='bbox 305 3349 487 3411; x_wconf 83' lang='lat' dir='ltr'><strong>Britannicas</strong></span> <span class='ocrx_word' id='word_1_277' title='bbox 502 3360 532 3411; x_wconf 93' lang='lat' dir='ltr'><strong>et</strong></span> <span class='ocrx_word' id='word_1_278' title='bbox 551 3350 624 3411; x_wconf 84' lang='lat' dir='ltr'><strong>elius</strong></span> <span class='ocrx_word' id='word_1_279' title='bbox 644 3350 771 3430; x_wconf 82' lang='lat' dir='ltr'><strong>generis,</strong></span> <span class='ocrx_word' id='word_1_280' title='bbox 785 3351 856 3411; x_wconf 91' lang='lat' dir='ltr'><strong>mihi</strong></span> <span class='ocrx_word' id='word_1_281' title='bbox 876 3350 993 3411; x_wconf 76' lang='lat' dir='ltr'><strong>tandem</strong></span> <span class='ocrx_word' id='word_1_282' title='bbox 1010 3349 1130 3412; x_wconf 81' lang='lat' dir='ltr'><strong>fortuna</strong></span> <span class='ocrx_word' id='word_1_283' title='bbox 1142 3351 1277 3430; x_wconf 77' lang='lat' dir='ltr'><strong>quedam</strong></span> 
     </span>
     <span class='ocr_line' id='line_1_34' title="bbox 174 3442 1277 3523; baseline -0.001 -19"><span class='ocrx_word' id='word_1_284' title='bbox 174 3442 308 3504; x_wconf 80' lang='lat' dir='ltr'><strong>secunde</strong></span> <span class='ocrx_word' id='word_1_285' title='bbox 326 3442 424 3503; x_wconf 81' lang='lat' dir='ltr'><strong>fontes</strong></span> <span class='ocrx_word' id='word_1_286' title='bbox 446 3443 588 3523; x_wconf 77' lang='lat' dir='ltr'><strong>quosdam</strong></span> <span class='ocrx_word' id='word_1_287' title='bbox 607 3463 699 3505; x_wconf 84' lang='lat' dir='ltr'><strong>novos</strong></span> <span class='ocrx_word' id='word_1_288' title='bbox 719 3443 844 3523; x_wconf 88' lang='lat' dir='ltr'><strong>apernit.</strong></span> <span class='ocrx_word' id='word_1_289' title='bbox 885 3444 936 3507; x_wconf 88' lang='lat' dir='ltr'><strong>Sic</strong></span> <span class='ocrx_word' id='word_1_290' title='bbox 950 3455 1039 3504; x_wconf 87' lang='lat' dir='ltr'><strong>enata</strong></span> <span class='ocrx_word' id='word_1_291' title='bbox 1051 3454 1098 3504; x_wconf 90' lang='lat' dir='ltr'><strong>est</strong></span> <span class='ocrx_word' id='word_1_292' title='bbox 1110 3444 1160 3504; x_wconf 90' lang='lat' dir='ltr'><strong>iila</strong></span> <span class='ocrx_word' id='word_1_293' title='bbox 1173 3444 1277 3522; x_wconf 81' lang='lat' dir='ltr'><strong>iugens</strong></span> 
     </span>
     <span class='ocr_line' id='line_1_35' title="bbox 177 3534 1279 3618; baseline 0.005 -25"><span class='ocrx_word' id='word_1_294' title='bbox 177 3534 338 3595; x_wconf 86' lang='lat' dir='ltr'><strong>lectionum</strong></span> <span class='ocrx_word' id='word_1_295' title='bbox 360 3535 652 3597; x_wconf 86' lang='lat' dir='ltr'><strong>Demosthenicarum</strong></span> <span class='ocrx_word' id='word_1_296' title='bbox 672 3536 799 3615; x_wconf 77' lang='lat' dir='ltr'><strong>farrago,</strong></span> <span class='ocrx_word' id='word_1_297' title='bbox 814 3536 853 3597; x_wconf 90' lang='lat' dir='ltr'><strong>de</strong></span> <span class='ocrx_word' id='word_1_298' title='bbox 873 3557 932 3617; x_wconf 84' lang='lat' dir='ltr'><strong>qua</strong></span> <span class='ocrx_word' id='word_1_299' title='bbox 950 3536 1037 3617; x_wconf 87' lang='lat' dir='ltr'><strong>paulo</strong></span> <span class='ocrx_word' id='word_1_300' title='bbox 1059 3548 1126 3617; x_wconf 88' lang='lat' dir='ltr'><strong>post</strong></span> <span class='ocrx_word' id='word_1_301' title='bbox 1148 3538 1279 3618; x_wconf 81' lang='lat' dir='ltr'><strong>pluribus</strong></span> 
     </span>
     <span class='ocr_line' id='line_1_36' title="bbox 178 3626 1280 3712; baseline 0.008 -28"><span class='ocrx_word' id='word_1_302' title='bbox 178 3644 276 3705; x_wconf 77' lang='lat' dir='ltr'><strong>egam</strong></span> <span class='ocrx_word' id='word_1_303' title='bbox 309 3626 421 3687; x_wconf 86' lang='lat' dir='ltr'><strong>Aldine</strong></span> <span class='ocrx_word' id='word_1_304' title='bbox 431 3648 501 3689; x_wconf 86' lang='lat' dir='ltr'><strong>vero</strong></span> <span class='ocrx_word' id='word_1_305' title='bbox 515 3628 570 3689; x_wconf 86' lang='lat' dir='ltr'><strong>ista</strong></span> <span class='ocrx_word' id='word_1_306' title='bbox 583 3628 699 3689; x_wconf 89' lang='lat' dir='ltr'><strong>critices</strong></span> <span class='ocrx_word' id='word_1_307' title='bbox 708 3630 946 3694; x_wconf 80' lang='lat' dir='ltr'><strong>Demosthenicsc</strong></span> <span class='ocrx_word' id='word_1_308' title='bbox 959 3632 1104 3693; x_wconf 86' lang='lat' dir='ltr'><strong>elementa</strong></span> <span class='ocrx_word' id='word_1_309' title='bbox 1113 3631 1197 3712; x_wconf 88' lang='lat' dir='ltr'><strong>plane</strong></span> <span class='ocrx_word' id='word_1_310' title='bbox 1211 3641 1280 3693; x_wconf 89' lang='lat' dir='ltr'><strong>suut</strong></span> 
     </span>
     <span class='ocr_line' id='line_1_37' title="bbox 176 3720 1279 3785; baseline 0.005 -6"><span class='ocrx_word' id='word_1_311' title='bbox 176 3720 276 3780; x_wconf 87' lang='lat' dir='ltr'><strong>tenuia</strong></span> <span class='ocrx_word' id='word_1_312' title='bbox 286 3730 318 3779; x_wconf 89' lang='lat' dir='ltr'><strong>et</strong></span> <span class='ocrx_word' id='word_1_313' title='bbox 327 3720 473 3783; x_wconf 79' lang='lat' dir='ltr'><strong>informia.</strong></span> <span class='ocrx_word' id='word_1_314' title='bbox 495 3721 572 3781; x_wconf 93' lang='lat' dir='ltr'><strong>Mihi</strong></span> <span class='ocrx_word' id='word_1_315' title='bbox 583 3742 647 3783; x_wconf 86' lang='lat' dir='ltr'><strong>mos</strong></span> <span class='ocrx_word' id='word_1_316' title='bbox 660 3722 749 3783; x_wconf 88' lang='lat' dir='ltr'><strong>estin</strong></span> <span class='ocrx_word' id='word_1_317' title='bbox 762 3723 978 3785; x_wconf 87' lang='lat' dir='ltr'><strong>commentariis</strong></span> <span class='ocrx_word' id='word_1_318' title='bbox 990 3724 1062 3785; x_wconf 86' lang='lat' dir='ltr'><strong>meis</strong></span> <span class='ocrx_word' id='word_1_319' title='bbox 1076 3724 1154 3783; x_wconf 91' lang='lat' dir='ltr'><strong>illum</strong></span> <span class='ocrx_word' id='word_1_320' title='bbox 1166 3726 1279 3785; x_wconf 78' lang='lat' dir='ltr'><strong>iudicem</strong></span> 
     </span>
     <span class='ocr_line' id='line_1_38' title="bbox 95 3813 1281 3899; baseline 0.006 -28"><span class='ocrx_word' id='word_1_321' title='bbox 95 3816 96 3819; x_wconf 72' lang='grc'>’</span> <span class='ocrx_word' id='word_1_322' title='bbox 178 3813 311 3873; x_wconf 69' lang='lat' dir='ltr'><strong>Atrinum</strong></span> <span class='ocrx_word' id='word_1_323' title='bbox 325 3813 373 3873; x_wconf 85' lang='lat' dir='ltr'><strong>vel</strong></span> <span class='ocrx_word' id='word_1_324' title='bbox 384 3814 461 3887; x_wconf 84' lang='lat' dir='ltr'><strong>Aldi,</strong></span> <span class='ocrx_word' id='word_1_325' title='bbox 475 3813 844 3891; x_wconf 49' lang='lat' dir='ltr'><strong>reintroduceretur,</strong></span> <span class='ocrx_word' id='word_1_326' title='bbox 858 3816 1016 3898; x_wconf 88' lang='lat' dir='ltr'><strong>appellare.</strong></span> <span class='ocrx_word' id='word_1_327' title='bbox 1058 3816 1281 3899; x_wconf 80' lang='lat' dir='ltr'><strong>TaylorMonu·</strong></span> 
     </span>
     <span class='ocr_line' id='line_1_39' title="bbox 177 3906 530 3988; baseline 0.011 -21"><span class='ocrx_word' id='word_1_328' title='bbox 177 3908 299 3984; x_wconf 77' lang='lat' dir='ltr'><strong>scriptos</strong></span> <span class='ocrx_word' id='word_1_329' title='bbox 309 3906 377 3967; x_wconf 83' lang='lat' dir='ltr'><strong>Aldi</strong></span> <span class='ocrx_word' id='word_1_330' title='bbox 391 3909 530 3988; x_wconf 88' lang='lat' dir='ltr'><strong>appellat.</strong></span> 
     </span>
    </p>
   </div>
   <div class='ocr_carea' id='block_1_3' title="bbox 168 4000 1282 4361">
    <p class='ocr_par' dir='ltr' id='par_1_5' title="bbox 168 4000 1281 4361">
     <span class='ocr_line' id='line_1_40' title="bbox 219 4000 1279 4086; baseline 0.004 -25"><span class='ocrx_word' id='word_1_331' title='bbox 219 4000 368 4061; x_wconf 81' lang='lat' dir='ltr'><strong>Notabilis</strong></span> <span class='ocrx_word' id='word_1_332' title='bbox 382 4002 481 4065; x_wconf 85' lang='lat' dir='ltr'><strong>adbuc</strong></span> <span class='ocrx_word' id='word_1_333' title='bbox 495 4016 638 4084; x_wconf 85' lang='lat' dir='ltr'><strong>superest,</strong></span> <span class='ocrx_word' id='word_1_334' title='bbox 653 4004 723 4065; x_wconf 90' lang='lat' dir='ltr'><strong>mihi</strong></span> <span class='ocrx_word' id='word_1_335' title='bbox 736 4024 797 4065; x_wconf 89' lang='lat' dir='ltr'><strong>non</strong></span> <span class='ocrx_word' id='word_1_336' title='bbox 810 4006 1044 4085; x_wconf 77' lang='lat' dir='ltr'><strong>praetereundus,</strong></span> <span class='ocrx_word' id='word_1_337' title='bbox 1065 4026 1148 4067; x_wconf 86' lang='lat' dir='ltr'><strong>error</strong></span> <span class='ocrx_word' id='word_1_338' title='bbox 1159 4006 1279 4086; x_wconf 80' lang='lat' dir='ltr'><strong>insignis</strong></span> 
     </span>
     <span class='ocr_line' id='line_1_41' title="bbox 178 4093 1281 4181; baseline 0.005 -28"><span class='ocrx_word' id='word_1_339' title='bbox 178 4093 364 4154; x_wconf 79' lang='lat' dir='ltr'><strong>inltldinnm</strong></span> <span class='ocrx_word' id='word_1_340' title='bbox 382 4095 534 4168; x_wconf 79' lang='grc' dir='ltr'><strong>ιιιιιιιιιιιιι,</strong></span> <span class='ocrx_word' id='word_1_341' title='bbox 549 4108 581 4157; x_wconf 88' lang='lat' dir='ltr'><strong>et</strong></span> <span class='ocrx_word' id='word_1_342' title='bbox 592 4096 672 4159; x_wconf 89' lang='lat' dir='ltr'><strong>illinc</strong></span> <span class='ocrx_word' id='word_1_343' title='bbox 686 4098 717 4157; x_wconf 89' lang='lat' dir='ltr'><strong>in</strong></span> <span class='ocrx_word' id='word_1_344' title='bbox 732 4098 957 4177; x_wconf 82' lang='lat' dir='ltr'><strong>Herwagianam</strong></span> <span class='ocrx_word' id='word_1_345' title='bbox 970 4111 1158 4181; x_wconf 86' lang='lat' dir='ltr'><strong>propagatus,</strong></span> <span class='ocrx_word' id='word_1_346' title='bbox 1171 4120 1190 4159; x_wconf 91' lang='lat' dir='ltr'><strong>a</strong></span> <span class='ocrx_word' id='word_1_347' title='bbox 1204 4097 1281 4159; x_wconf 84' lang='lat' dir='ltr'><strong>Feli-</strong></span> 
     </span>
     <span class='ocr_line' id='line_1_42' title="bbox 168 4184 1282 4269; baseline 0.002 -22"><span class='ocrx_word' id='word_1_348' title='bbox 168 4186 264 4247; x_wconf 85' lang='lat' dir='ltr'><strong>·ciaoo</strong></span> <span class='ocrx_word' id='word_1_349' title='bbox 277 4185 372 4266; x_wconf 90' lang='lat' dir='ltr'><strong>primo</strong></span> <span class='ocrx_word' id='word_1_350' title='bbox 385 4184 509 4248; x_wconf 81' lang='lat' dir='ltr'><strong>feliciter</strong></span> <span class='ocrx_word' id='word_1_351' title='bbox 523 4188 665 4262; x_wconf 83' lang='lat' dir='ltr'><strong>sublatus,</strong></span> <span class='ocrx_word' id='word_1_352' title='bbox 678 4189 709 4249; x_wconf 92' lang='lat' dir='ltr'><strong>in</strong></span> <span class='ocrx_word' id='word_1_353' title='bbox 729 4190 892 4263; x_wconf 86' lang='lat' dir='ltr'><strong>Prooemiis,</strong></span> <span class='ocrx_word' id='word_1_354' title='bbox 907 4191 958 4251; x_wconf 92' lang='lat' dir='ltr'><strong>ubi</strong></span> <span class='ocrx_word' id='word_1_355' title='bbox 978 4191 1072 4251; x_wconf 90' lang='lat' dir='ltr'><strong>multa</strong></span> <span class='ocrx_word' id='word_1_356' title='bbox 1090 4191 1194 4251; x_wconf 89' lang='lat' dir='ltr'><strong>misere</strong></span> <span class='ocrx_word' id='word_1_357' title='bbox 1215 4210 1282 4269; x_wconf 88' lang='lat' dir='ltr'><strong>per·</strong></span> 
     </span>
     <span class='ocr_line' id='line_1_43' title="bbox 171 4278 1280 4361; baseline 0.004 -24"><span class='ocrx_word' id='word_1_358' title='bbox 171 4278 273 4337; x_wconf 84' lang='lat' dir='ltr'><strong>mixta</strong></span> <span class='ocrx_word' id='word_1_359' title='bbox 285 4288 317 4338; x_wconf 89' lang='lat' dir='ltr'><strong>et</strong></span> <span class='ocrx_word' id='word_1_360' title='bbox 331 4280 507 4341; x_wconf 88' lang='lat' dir='ltr'><strong>conturbata</strong></span> <span class='ocrx_word' id='word_1_361' title='bbox 527 4291 605 4353; x_wconf 90' lang='lat' dir='ltr'><strong>sunt,</strong></span> <span class='ocrx_word' id='word_1_362' title='bbox 626 4293 661 4340; x_wconf 89' lang='lat' dir='ltr'><strong>ut</strong></span> <span class='ocrx_word' id='word_1_363' title='bbox 681 4282 817 4343; x_wconf 83' lang='lat' dir='ltr'><strong>extricari</strong></span> <span class='ocrx_word' id='word_1_364' title='bbox 831 4282 906 4343; x_wconf 87' lang='lat' dir='ltr'><strong>etin</strong></span> <span class='ocrx_word' id='word_1_365' title='bbox 920 4283 1051 4344; x_wconf 89' lang='lat' dir='ltr'><strong>ordinem</strong></span> <span class='ocrx_word' id='word_1_366' title='bbox 1067 4282 1157 4361; x_wconf 82' lang='lat' dir='ltr'><strong>redigi</strong></span> <span class='ocrx_word' id='word_1_367' title='bbox 1169 4300 1280 4360; x_wconf 90' lang='lat' dir='ltr'><strong>neque·</strong></span> 
     </span>
    </p>
   </div>
   <div class='ocr_carea' id='block_1_4' title="bbox 98 4368 1283 4543">
    <p class='ocr_par' dir='ltr' id='par_1_6' title="bbox 98 4368 1283 4543">
     <span class='ocr_line' id='line_1_44' title="bbox 179 4368 1283 4528; baseline 0.005 -97"><span class='ocrx_word' id='word_1_368' title='bbox 179 4368 360 4528; x_wconf 53' lang='grc' dir='ltr'><strong>αιιιῖδέιιιέἒ</strong></span> <span class='ocrx_word' id='word_1_369' title='bbox 361 4390 380 4431; x_wconf 83' lang='lat' dir='ltr'><strong>a</strong></span> <span class='ocrx_word' id='word_1_370' title='bbox 393 4371 562 4455; x_wconf 73' lang='lat' dir='ltr'><strong>bibliopega</strong></span> <span class='ocrx_word' id='word_1_371' title='bbox 582 4374 774 4493; x_wconf 84' lang='lat' dir='ltr'><strong>transpositis,</strong></span> <span class='ocrx_word' id='word_1_372' title='bbox 795 4377 855 4459; x_wconf 82' lang='lat' dir='ltr'><strong>qua</strong></span> <span class='ocrx_word' id='word_1_373' title='bbox 868 4376 950 4438; x_wconf 90' lang='lat' dir='ltr'><strong>dere</strong></span> <span class='ocrx_word' id='word_1_374' title='bbox 964 4375 1097 4507; x_wconf 85' lang='lat' dir='ltr'><strong>pluribus</strong></span> <span class='ocrx_word' id='word_1_375' title='bbox 1110 4373 1224 4435; x_wconf 87' lang='lat' dir='ltr'><strong>dicetur</strong></span> <span class='ocrx_word' id='word_1_376' title='bbox 1243 4372 1283 4437; x_wconf 77' lang='lat' dir='ltr'><strong>ad</strong></span> 
     </span>
     <span class='ocr_line' id='line_1_45' title="bbox 98 4477 203 4543; baseline 0.01 -1"><span class='ocrx_word' id='word_1_377' title='bbox 98 4477 101 4486; x_wconf 79' lang='grc'><strong>’</strong></span> <span class='ocrx_word' id='word_1_378' title='bbox 182 4480 203 4543; x_wconf 81' lang='lat' dir='ltr'>P</span> 
     </span>
    </p>
   </div>
   <div class='ocr_carea' id='block_1_5' title="bbox 0 0 1509 4917">
    <p class='ocr_par' dir='ltr' id='par_1_7' title="bbox 0 0 1509 4917">
     <span class='ocr_line' id='line_1_46' title="bbox 0 0 1509 4917; baseline 0 0"><span class='ocrx_word' id='word_1_379' title='bbox 0 0 1509 4917; x_wconf 95' lang='lat' dir='ltr'><strong> </strong></span> 
     </span>
    </p>
   </div>
  </div>
 </body>
</html>
