2984 4917
433 297 437 304 .
555 253 615 314 tn
635 252 1017 355 usurosmausrc„
1235 262 1321 322 exa
1379 238 1381 243 ’

215 425 259 471 ss
273 405 590 491 &mussan
603 409 854 496 nauseasse.
867 414 1004 487 nemu,
1022 423 1147 477 autnon
1159 374 1275 490 nrum,
1288 429 1323 478 a
1438 375 1443 382 ⁴

216 501 379 564 isdusmcdi
393 504 639 566 eevntantltns
653 507 846 568 Lectionibus
864 509 1142 590 disceptatiuncula
1157 510 1324 572 tad-calcem

215 591 387 672 rejiciantur
407 597 511 676 operis,
534 609 673 677 exoptem
698 616 774 659 nese
796 601 832 660 iis
859 601 964 660 Editor
987 621 1056 661 cnm
1076 601 1323 664 Anaotutionibus

215 705 283 766 quae
303 689 342 748 ad
366 691 528 750 Auctorem
551 691 647 770 ipsum
668 693 819 771 pertinent
841 691 1060 768 illustrandum,
1079 696 1250 772 conjunctis,
1275 712 1323 756 rs·

216 779 350 859 stinguat
362 781 485 854 animos,
500 801 574 862 quos
588 784 724 864 ardentes
738 786 912 866 acceperit?

261 875 351 942 Quod
365 876 404 934 ad
418 875 513 936 Notas
531 877 645 949 attinet,
667 891 769 938 etrum
789 897 927 958 magnam
947 896 1019 940 sans
1039 891 1156 958 partem
1174 901 1212 941 ex
1232 881 1322 942 Conr-

217 969 367 1032 mentstiis
381 967 524 1048 descripsi
538 969 627 1048 longe
641 972 844 1032 eruditissimis
864 973 988 1034 Jcannis
1002 975 1143 1054 Taylori:
1165 980 1250 1054 cuius
1263 992 1323 1056 ego

216 1062 353 1122 tsedibus
372 1059 500 1120 libenter
513 1061 665 1142 indulgere
679 1063 777 1138 reim,
790 1064 936 1143 siquidem
957 1064 986 1122 id
1006 1077 1060 1124 aut
1072 1066 1208 1126 muneri
1227 1068 1324 1146 operis

217 1153 363 1232 angustia
387 1163 567 1231 peterentur,
586 1154 746 1235 autjpsius
768 1156 872 1236 utique
892 1157 1018 1217 hominis
1037 1158 1323 1236 pervulgatissimum

219 1247 301 1326 apud
324 1246 453 1306 literatos
481 1265 582 1306 omnes
609 1267 716 1308 nomen
740 1259 772 1309 et
798 1250 963 1310 celebritas.
1005 1253 1230 1324 Annotaticmes,
1255 1273 1323 1331 qum

219 1337 336 1398 aliunde
345 1347 495 1417 petuntur,
510 1339 639 1418 singulas
649 1341 787 1416 (subinde
801 1343 953 1402 brevitatis
967 1361 1057 1403 causa
1070 1345 1101 1402 in
1114 1345 1322 1424 compendium

218 1431 309 1500 actas)
322 1431 462 1492 Auctoris
475 1431 592 1492 nomine
605 1432 736 1511 signavi:
756 1434 896 1513 plurimas
907 1435 946 1494 de
959 1437 1079 1516 proprio
1091 1455 1170 1516 penu
1184 1439 1322 1517 deprom-

219 1525 285 1604 psit
307 1523 546 1602 Interpretationi
561 1524 688 1604 denique
708 1544 811 1585 omnes
825 1526 947 1602 subjeci,
960 1527 1132 1588 Graecarum
1150 1530 1324 1609 paginarum

220 1617 311 1676 titulis
325 1615 494 1696 inscriptas:
520 1627 554 1676 ut
574 1637 671 1698 neque
685 1619 782 1698 tyroni
794 1617 913 1679 foveant
930 1619 1149 1699 negligentiam,
1168 1623 1192 1681 si
1210 1633 1324 1682 textum

220 1710 404 1781 comitentur,
418 1729 516 1791 neque
530 1712 650 1771 seorsim
665 1713 760 1792 (quod
780 1711 925 1790 usitatius)
939 1713 1089 1792 relegatae,
1106 1717 1259 1793 negotium
1279 1716 1325 1776 fa·

220 1814 346 1864 cessant.
389 1803 591 1882 Archtcologie
611 1804 641 1863 in
661 1805 706 1864 his
721 1805 947 1865 Commentariis
959 1816 991 1865 et
1005 1805 1138 1866 Historia
1149 1807 1265 1886 parcius
1279 1819 1324 1868 at·

220 1897 381 1974 tinguntur,
406 1915 473 1956 cunr
497 1895 576 1956 illurn
603 1897 721 1978 quidem
747 1898 894 1970 Potterus,
920 1898 997 1959 hanc
1021 1918 1101 1971 vero,
1121 1911 1263 1978 quantum
1284 1901 1323 1960 ad

221 2007 321 2050 cuum
335 2007 400 2067 quoe
413 1987 462 2047 hic
476 1999 641 2049 tractantur
653 2009 751 2050 renum
764 1989 899 2050 notitiam
912 1989 982 2050 satis
996 1991 1044 2063 sit,
1066 1992 1187 2070 egregie
1200 1991 1324 2053 adorna·

219 2083 261 2141 vit
279 2082 310 2140 in
324 2083 392 2141 Vita
406 2081 532 2162 Philippi
545 2083 696 2145 Lelandus
713 2094 832 2145 noster:
856 2082 934 2163 quod
953 2102 1024 2144 sene
1046 2086 1229 2144 utilissimum
1250 2106 1323 2166 opus

220 2176 327 2234 iterum
345 2193 382 2235 ac
403 2175 521 2255 sepius,
543 2195 591 2235 me
609 2178 722 2253 judice,
737 2175 875 2248 versabit,
896 2177 1026 2256 quisquis
1044 2177 1083 2238 ad
1105 2178 1161 2238 hos
1177 2197 1324 2258 parem

223 2265 408 2350 Eloquentiae
420 2269 517 2330 fontes
530 2269 587 2330 rite
597 2270 728 2331 imbutus
736 2270 954 2350 instructusque
967 2272 1049 2332 solet
1061 2271 1213 2333 secedere.

319 2655 322 2664 ,
416 2571 736 2650 JUVENTUTI
764 2573 1121 2654 ACADEMICAE

664 2804 880 2866 SALUTEM.

263 2989 445 3050 Isensium
460 2988 538 3050 hanc
552 2986 726 3049 Orationem
747 2987 853 3048 seriem
869 3006 944 3068 quas
963 2986 1183 3048 Demosthenes
1202 2985 1232 3045 in
1252 2986 1323 3047 Phi·

222 3083 332 3162 lippum
345 3082 457 3152 hebuit,
467 3101 523 3142 nec
530 3082 662 3142 inutilem
671 3081 735 3142 fore
745 3082 893 3154 duximus,
904 3100 961 3140 nec
972 3081 1054 3142 vobis
1063 3081 1228 3160 ingratam:
1248 3101 1322 3161 prae-

222 3177 332 3249 sertim‚
352 3195 420 3238 cum
441 3175 669 3255 Philippicarum
691 3175 818 3245 libellus,
839 3173 889 3254 qui
914 3173 1053 3234 Glascuis
1073 3173 1182 3254 prodiit
1200 3193 1260 3234 non
1280 3173 1323 3232 ite

221 3269 341 3348 pridem,
361 3289 429 3349 spes
441 3279 553 3338 vestras
571 3289 692 3349 prorsus
709 3268 834 3339 fefellit3
861 3268 974 3328 mendis
995 3289 1101 3348 nempe
1122 3267 1321 3348 compluribus

221 3362 398 3442 inquinatus.
439 3363 582 3424 Codicum
604 3363 814 3424 Morellianum
832 3361 992 3442 praecipue,
1006 3362 1080 3422 alios
1094 3361 1220 3423 melioris
1233 3372 1323 3436 notas,

222 3476 439 3534 nonnunquam,
453 3459 649 3536 expressimus
663 3480 672 3519 r
701 3457 771 3536 quin
785 3467 815 3516 et
827 3455 931 3515 harum
940 3455 1110 3526 lectionum,
1123 3475 1196 3535 ques
1210 3475 1227 3514 e
1242 3453 1323 3514 codi-

222 3549 305 3610 cibus
322 3550 526 3630 manuscriptis
546 3551 666 3630 collegit
688 3550 853 3623 Morellius,
871 3550 1010 3629 pauculus
1022 3549 1199 3609 admisimus.
1239 3548 1324 3635 Ipsus

222 3642 379 3705 Orationes
393 3663 431 3706 eo
442 3644 562 3704 tandem
576 3645 676 3704 ordine
689 3643 843 3724 dispositas
853 3643 1006 3704 invenietis
1021 3663 1132 3713 omnes,
1147 3662 1234 3722 quem
1245 3662 1322 3722 proe·

220 3736 314 3796 finivit
327 3736 487 3816 Dionysius
503 3737 743 3798 Halicarnasseus
757 3737 787 3796 in
800 3736 928 3815 epistola
939 3755 994 3795 sua
1006 3735 1046 3796 ad
1059 3737 1236 3794 Ammseum.
1272 3735 1321 3792 In·

218 3828 431 3909 terpretatiouc
450 3830 559 3889 utimur
569 3829 733 3902 Welfisns;
759 3849 797 3889 ea
810 3848 878 3888 vero
891 3827 1023 3908 plurimis
1036 3828 1069 3886 in
1080 3827 1154 3888 locis
1169 3826 1322 3905 castigate,
1420 3871 1424 3879 .

220 3924 270 3981 ubi
284 3922 415 3983 authoris
430 3915 548 3983 sensum
561 3935 612 3984 aut
632 3925 726 3983 minus
746 3932 896 3993 accurate,
916 3932 967 3980 aut
985 3940 1139 4005 perperam
1159 3919 1322 3980 reddidisse

217 4015 344 4075 videtur.
386 4014 437 4087 Et,
453 4027 486 4075 ut
499 4017 618 4076 subsidii
630 4016 741 4098 aliquid
755 4027 900 4096 praeterea
912 4015 996 4075 vobis
1011 4015 1138 4086 adesset,
1154 4014 1250 4074 Notas
1271 4012 1322 4073 ed·

215 4107 350 4186 jecimus,
369 4127 478 4186 paucas
495 4113 558 4184 jam
579 4109 703 4189 primum
725 4109 830 4182 editas,
851 4108 990 4188 plurimes
1010 4118 1110 4167 autem
1129 4125 1166 4166 ex
1184 4106 1227 4176 iis,
1247 4123 1320 4183 quas

217 4201 371 4278 praebuere
393 4200 544 4280 Ulpianus,
560 4199 696 4272 Wolfinr,
716 4202 892 4282 interpretes
906 4199 1015 4260 Gallici
1029 4198 1197 4258 'l'ourellius
1211 4208 1242 4256 et
1256 4195 1320 4256 Oli-

217 4303 312 4363 vetus,
332 4313 449 4354 necnon
467 4293 659 4355 Mountncius
679 4307 788 4367 noster,
808 4295 851 4354 sir
871 4294 964 4354 literis
987 4291 1236 4363 instructissimus,
1258 4290 1321 4369 qui,

217 4404 284 4444 cum
299 4385 379 4466 apud
392 4387 651 4466 cantabrigienses
673 4399 871 4450 commoratus
883 4399 939 4461 est,
953 4385 1147 4466 Philippiccm
1160 4383 1320 4446 orationem
