2984 4917
265 336 274 349 '
384 324 1031 395 &AD'S'UUMvDEMOSl'Hl-INEMJ
1072 328 1106 337 ”
1139 330 1155 382 -’
1209 328 1281 393 xsls

193 492 366 555 conteutmn
381 488 579 551 udender'em.
598 499 630 549 et
651 490 803 569 egregium
820 489 902 551 buno
922 500 1068 551 oratorem
1090 486 1203 547 ‘etiamsi
1226 494 1286 549 nori
1333 551 1336 555 ,

193 586 327 655 aliunde,
341 600 427 662 qssm
447 602 486 642 ex
504 593 568 643 orto
586 582 771 662 eloquentie,
786 583 906 661 gloriam
927 583 956 643 ei
972 582 1171 652 attribuamus,
1184 600 1229 643 er
1250 599 1287 641 as

193 678 271 737 adeo
283 676 396 735 clanim
407 692 443 734 sc
456 674 602 735 celebrem
616 675 696 754 apud
709 694 810 734 omues
820 693 896 747 esse,
905 676 1036 735 utalism
1043 674 1171 745 laudem,
1185 692 1286 752 queue

193 769 240 829 sis
252 770 377 848 adeptus
391 766 439 837 sit,
454 786 515 825 non
534 766 655 825 multum
668 777 767 826 umen
781 766 964 827 desiderarit.
1002 768 1079 828 Cum
1092 765 1191 844 igitur,
1209 784 1286 844 prm·

194 864 243 921 sul
257 862 378 940 optime,
391 858 440 919 hic
457 858 510 917 tibi
523 878 583 917 non
595 858 738 918 immerito
757 857 831 918 adeo
843 858 971 937 placeat,
982 858 1055 916 utin
1067 858 1188 917 aliorum
1199 858 1286 916 otiam

196 954 362 1032 graviorum
380 951 544 1011 studiorum
563 950 802 1029 occupationibus
820 950 978 1010 lectionem
998 954 1059 1024 ejus
1074 950 1127 1008 tibi
1140 968 1287 1028 nunquam

196 1044 445 1107 intermittendam
464 1040 620 1113 oeosueris,
641 1052 831 1121 posteaquam
847 1060 977 1101 excusm
993 1045 1055 1116 jam
1075 1051 1131 1110 est,
1150 1058 1217 1100 eum
1233 1040 1287 1100 tibi

196 1136 356 1199 dicandum
368 1134 448 1206 duxi,
461 1146 494 1193 ut
502 1136 558 1194 sub
570 1138 633 1210 ejus
647 1134 762 1194 nomioe
774 1133 806 1193 in
816 1152 919 1194 manus
931 1134 1078 1194 bominum
1087 1132 1226 1213 prodiret,
1238 1132 1287 1211 qui

197 1230 275 1289 illius
293 1238 371 1287 esset
384 1224 616 1286 studiosissimus.
657 1226 734 1285 Tum
752 1226 849 1297 etiam,
870 1237 912 1296 ut,
933 1246 1001 1287 cum
1013 1246 1069 1304 ego
1091 1225 1123 1283 iu
1142 1243 1179 1283 eo
1196 1243 1288 1284 excu-

197 1320 298 1380 dendo
312 1337 430 1399 operam
442 1318 610 1377 nonnullam
627 1316 828 1397 impenderim,
845 1318 946 1378 labore
959 1318 1016 1378 hoc
1029 1317 1222 1397 qualicunque
1236 1317 1288 1377 tibi
1305 1337 1307 1340 ·

198 1412 308 1483 oblato,
323 1408 559 1470 observantiam
572 1418 601 1468 te
612 1406 696 1483 mee,
708 1404 767 1489 qua
775 1410 873 1470 multis
887 1411 925 1471 de
940 1411 1034 1471 causis
1043 1415 1104 1486 jam
1117 1411 1167 1470 diu
1177 1422 1208 1471 te
1221 1430 1289 1492 pro·

199 1520 319 1581 sequor,
335 1500 529 1579 significandus
543 1500 658 1561 occasio
668 1501 738 1561 mihi
750 1501 781 1561 in
790 1503 945 1581 presentia
955 1504 1083 1563 dmetur.
1124 1502 1201 1563 Nam
1215 1524 1290 1582 pne·

201 1604 346 1673 terquam,
355 1592 432 1671 quod
443 1604 538 1653 vestra
548 1592 605 1651 ista
616 1592 725 1652 familia
737 1602 800 1651 tum
808 1612 921 1653 morum
932 1594 1097 1673 integritate
1108 1613 1144 1653 ac
1151 1594 1290 1655 virtutum

198 1684 366 1765 splendore,
380 1696 442 1743 tum
462 1684 678 1765 imperatorum,
698 1702 821 1763 quorum
837 1684 922 1763 copis
940 1685 1064 1743 maxime
1077 1685 1183 1757 floruit,
1197 1685 1291 1764 gloria

199 1788 345 1837 atterum
362 1787 509 1856 gestarum
531 1774 729 1855 amplitudine,
751 1786 814 1837 tum
830 1776 988 1847 Leonardi,
1009 1776 1054 1834 avi
1074 1777 1127 1846 tui,
1148 1777 1290 1856 Principis

199 1868 312 1949 optimi,
336 1867 514 1947 prestantia,
538 1884 575 1929 ac
595 1866 736 1945 dignitato
760 1868 901 1927 illustrata
918 1865 991 1925 adeo
1013 1867 1092 1925 clara
1110 1886 1146 1925 ac
1167 1868 1291 1929 celebris

199 1978 316 2039 semper
329 1958 396 2029 suit,
410 1969 443 2017 ut
454 1958 609 2019 conciliare
622 1957 677 2017 sibi
688 1958 798 2019 animos
812 1960 939 2019 omnium
951 1957 1039 2017 facila
1052 1957 1188 2037 potuerit,
1202 1968 1291 2037 atquc

199 2052 237 2111 ob
251 2052 283 2111 id
295 2053 359 2131 ipse
369 2051 458 2111 etiam
468 2048 614 2111 communi
624 2049 741 2109 nomine
752 2069 897 2129 propenso
912 2069 983 2128 erga
993 2069 1058 2109 eom
1072 2049 1291 2129 animosemper

199 2142 314 2213 fuerim,
329 2142 442 2222 priuata
462 2152 558 2203 mmen
575 2160 663 2201 causa
676 2152 763 2221 atque
775 2143 826 2203 illa
843 2142 962 2221 quidem
979 2152 1038 2200 tam
1055 2142 1151 2221 gratu
1164 2144 1292 2201 beneso-

200 2235 299 2295 lentiae
311 2234 382 2295 mihi
400 2234 534 2304 accessit,
547 2246 579 2293 ut
591 2254 740 2313 nunquam
755 2254 820 2295 eam
838 2254 877 2294 ex
892 2234 987 2293 animo
1003 2254 1068 2293 meo
1080 2235 1178 2313 quoad
1190 2235 1292 2295 vixero

201 2326 262 2386 ulls
273 2326 406 2386 deletura
426 2325 532 2387 oblivio
550 2324 597 2396 sit,
612 2325 770 2397 Antonius,
791 2326 923 2385 omnibus
937 2326 1064 2405 quidem,
1083 2326 1133 2405 qui
1146 2326 1225 2386 illum
1240 2348 1293 2387 no·

201 2431 316 2493 serunt,
328 2439 389 2479 nou
403 2418 465 2479 sinc
479 2418 648 2500 praefatione
667 2418 859 2479 nominandus
872 2408 962 2479 frater
982 2430 1059 2479 tuus.
1072 2418 1121 2498 qui
1136 2439 1201 2481 cum
1222 2420 1294 2480 ado-

200 2512 352 2573 lescentiae
364 2530 456 2571 annos
470 2511 600 2570 nondum
622 2510 805 2581 excessisset,
821 2522 851 2570 et
865 2511 955 2571 abbas
969 2510 1077 2570 electus
1094 2520 1174 2570 tanta
1185 2511 1294 2590 ingenii

95 2598 102 2607 '
183 2603 384 2684 ¹perspicacia
395 2614 474 2665 esset
485 2600 632 2683 praeditus,
647 2614 728 2661 tanto
742 2603 938 2673 scientiarum,
949 2612 980 2662 et
989 2602 1135 2663 literarum
1145 2606 1293 2684 praecipue

201 2716 351 2757 sscrarum
366 2714 464 2756 amore
474 2694 677 2766 inflammatus,
692 2705 772 2755 tenta
784 2696 815 2754 in
829 2696 955 2774 negotiis
968 2695 1124 2755 tractandis
1138 2697 1294 2775 prudentis

201 2788 368 2871 instructus,
390 2799 423 2847 ut
445 2807 483 2848 ex
504 2788 560 2849 ista
577 2786 687 2847 familia
703 2787 854 2865 prodiisse,
873 2788 955 2867 quasi
973 2788 1151 2866 precipuum
1172 2809 1293 2867 germen

202 2892 421 2962 agnosceretur,
437 2892 467 2939 et
480 2878 634 2941 sacerdotii
649 2878 729 2939 istius
743 2880 848 2958 proesul
862 2880 1043 2957 dignissimus
1050 2884 1112 2955 jam
1126 2880 1294 2953 haberetur,

203 2994 263 3044 me,
280 2993 300 3033 a
317 2993 373 3053 quo
391 2992 574 3053 summopore
593 2970 812 3047 observabatur,
824 2971 951 3030 maxima
964 2972 1193 3051 prosequebatur
1205 2973 1295 3033 bene.

205 3066 342 3148 polentia,
354 3076 440 3147 etque
454 3064 527 3125 inter
541 3084 591 3123 eos
606 3064 766 3142 delegerat,
777 3062 949 3143 quibuscum
958 3083 1158 3143 sepenumero
1168 3084 1297 3125 versare.

205 3168 262 3229 tur,
284 3176 320 3217 ec
340 3158 377 3217 de
394 3158 543 3217 literarum
564 3156 666 3216 studiis
686 3156 908 3235 colloqueretur.
930 3166 963 3215 ut
981 3167 1143 3235 temperare
1163 3157 1295 3218 adolore

204 3249 348 3311 interdum
367 3250 414 3309 rix
434 3250 551 3331 possim,
570 3268 640 3307 cum
660 3248 798 3309 memorie
814 3260 927 3328 repeto,
951 3268 1038 3327 quam
1057 3260 1179 3327 repente
1199 3262 1296 3313 morte

203 3354 369 3423 preventus
382 3362 421 3401 ex
432 3340 580 3401 hominum
595 3342 805 3401 consuetudine
820 3342 948 3401 maxima
961 3341 1089 3401 omnium
1104 3362 1169 3401 cum
1179 3345 1299 3421 jactura

204 3448 235 3495 et
247 3454 370 3495 moerore
385 3434 514 3494 sublatus
522 3434 619 3492 fuerit.
628 3434 657 3491 in
668 3444 779 3493 tantam
793 3434 868 3492 enim
883 3454 964 3513 spem
976 3452 1075 3493 omnes
1089 3434 1253 3507 induxerat,
1262 3447 1296 3497 ut

204 3547 292 3589 nemo
312 3538 401 3595 esset,
415 3526 464 3605 qui
484 3526 639 3597 dubitaret,
662 3526 740 3607 quin,
755 3526 805 3585 ubi
824 3526 962 3585 maturior
983 3537 1053 3586 aetas
1072 3528 1253 3601 accessisset,
1266 3540 1298 3589 et

205 3618 374 3679 eruditionis
398 3628 428 3678 et
450 3617 612 3677 sanctitatis
632 3618 735 3677 nostris
757 3619 936 3697 temporibus
961 3618 1106 3697 singulare
1130 3623 1298 3701 exemplum

206 3724 285 3774 esset
297 3712 419 3771 iuturus.
460 3710 537 3770 Nam
553 3730 591 3769 ex
606 3715 668 3787 ejus
682 3710 764 3770 obitu
778 3709 849 3771 licet
861 3711 929 3770 boni
941 3730 1039 3769 omnes
1046 3714 1191 3790 jacturam
1205 3714 1297 3773 maxi·

206 3808 289 3863 mam
302 3800 408 3863 iecisse
423 3802 562 3862 censendi
576 3803 642 3871 sint,
661 3823 771 3882 speque
786 3802 872 3876 omni,
886 3823 972 3882 quam
986 3822 1127 3873 summam
1141 3805 1178 3864 de
1192 3826 1229 3865 eo
1244 3806 1298 3867 ha·

205 3895 325 3965 bebant,
344 3894 476 3953 frustrati
493 3896 647 3972 jacuerint,
668 3914 724 3973 ego
744 3914 803 3954 non
823 3906 882 3954 tam
907 3896 1029 3955 moleste
1049 3897 1111 3967 tuli,
1133 3889 1211 3976 quod
1234 3902 1298 3976 ejus

204 3988 388 4049 reamisimus
403 3989 614 4048 consuetudine
628 3999 687 4047 tam
697 4000 818 4069 repente
827 3989 977 4059 caruerim,
988 3989 1042 4051 etsi
1053 3990 1083 4049 id
1097 3991 1167 4049 mihi
1177 3994 1299 4071 contigit

204 4074 450 4158 molestissimum,
471 4100 557 4161 quam
578 4080 668 4159 quod,
691 4100 757 4139 cum
783 4101 821 4139 ex
846 4087 908 4157 ejus
932 4079 1127 4142 familiaritate
1149 4086 1298 4163 specimen

205 4170 287 4251 quasi
300 4172 446 4251 quoddam
460 4184 491 4233 et
512 4172 663 4252 probitatis
680 4183 710 4231 et
724 4172 856 4232 amicitias
877 4173 1084 4253 concepissem,
1101 4175 1151 4236 ubi
1170 4176 1232 4255 ipse
1247 4176 1299 4234 de·

206 4264 307 4335 cessit,
321 4264 364 4323 ita
379 4265 504 4323 animum
520 4264 734 4343 desponderim,
748 4275 793 4336 ut,
809 4258 887 4344 quia,
901 4256 980 4344 quod
993 4265 1086 4325 simile
1100 4266 1127 4326 ei
1141 4278 1227 4337 esset,
1241 4252 1301 4325 non

205 4354 295 4415 facile
309 4355 517 4434 reperiebatur,
528 4355 702 4435 probitatem
715 4356 839 4435 amplius
851 4356 1012 4433 hujusmodi
1023 4357 1111 4416 ullam
1120 4358 1300 4418 inventurum

207 4466 253 4507 me
272 4466 338 4507 csse
357 4446 527 4508 diffiderem.
569 4446 656 4507 Nunc
674 4466 753 4519 vero,
768 4467 834 4508 cum
847 4458 888 4520 tu,
903 4448 1058 4509 clarissime
1073 4448 1235 4524 Francisce,
1250 4452 1299 4530 qui
