2984 4917
208 248 239 315 lii
538 246 790 311 HIERONYMI
810 246 965 313 ‚WOLFII

209 401 337 483 terpreti,
351 418 406 478 neo
420 400 507 481 priori
522 400 639 465 editiom
653 402 790 474 decessit,
799 420 855 463 nec
863 399 1014 482 posteriori
1027 400 1153 465 accurit
1164 402 1297 467 malum.

202 498 309 563 ‚Quare
323 493 468 567 neminem
477 494 540 556 fore
553 514 638 574 spero
651 505 710 555 tam
720 495 860 575 iniquum5
872 505 906 554 ut
914 494 1022 556 sactum
1034 494 1094 555 boc
1104 514 1204 573 meum
1215 513 1297 558 acer·

203 590 247 649 be
258 586 461 666 reprehendat.
502 586 709 665 Demosthenis
719 597 826 659 autem,
842 587 948 665 dequo
961 606 1039 648 nunc
1050 586 1232 666 potissmrm
1244 606 1298 647 no·

200 679 253 746 ,bis
274 678 419 758 agendum
432 687 486 752 est,
499 678 556 753 alia
569 680 698 739 conditio
710 680 777 748 fuit.
817 679 895 740 Nam
913 680 944 739 in
965 698 1003 741 eo
1020 678 1217 741 convertendo
1236 698 1298 739 ma·

202 774 271 854 jore
293 781 325 830 et
348 770 487 850 religione
511 783 543 831 et
564 773 715 833 verborum
739 772 913 851 parsimonia
934 791 1015 841 mam
1036 792 1115 853 usus,
1131 783 1164 833 et
1175 772 1298 850 vestigia

193 863 447 945 „Demosthenicpe
465 863 598 929 orationis
618 884 695 944 pene
713 865 908 945 superstitiose
921 875 1103 945 persecutus.
1143 866 1242 931 Quare
1252 864 1300 923 fs·

208 966 287 1017 ctum
300 954 366 1029 fuit,
380 966 412 1021 ut
424 956 529 1017 alicubi
542 956 631 1017 latina
644 957 736 1018 oratio
750 956 946 1037 paulominus
961 956 1144 1021 obscuritatis
1163 956 1297 1029 baberet,

202 1065 294 1127 ⁴quam
308 1048 424 1123 Grmca,
436 1048 467 1109 in
480 1066 538 1128 qua
554 1050 601 1111 rel
622 1049 772 1111 Plutarchi
792 1061 823 1111 et
844 1048 977 1131 Dionysii
997 1049 1161 1111 testimonio
1183 1066 1296 1108 summa

203 1160 271 1207 esse
284 1144 413 1219 creditur
425 1143 606 1222 intelligendi
618 1162 735 1223 quoque
746 1142 906 1207 difficultas.
947 1146 1145 1204 Assenserunt
1156 1153 1189 1203 et
1200 1153 1297 1201 errata

204 1239 426 1318 typographica,
450 1239 585 1318 opinione
606 1258 671 1311 mea
692 1259 762 1301 sane
783 1251 813 1301 et
831 1241 916 1319 plura
932 1250 970 1300 'et
993 1240 1134 1318 graviora.
1188 1237 1296 1299 Paurm

203 1328 294 1404 enim,
317 1340 348 1391 ut
367 1350 399 1393 ro
419 1330 482 1410 ipsa
494 1331 674 1395 declaratum
688 1342 740 1405 est,
754 1333 803 1393 rel
824 1330 947 1412 Oporini
970 1352 1050 1403 cara,
1072 1331 1117 1389 vel
1138 1330 1294 1410 prasentia

202 1442 272 1488 ,mea
292 1424 388 1496 valuit,
410 1436 511 1484 contra
531 1425 725 1505 operariorum
750 1426 959 1505 negligentiam
982 1436 1013 1486 et
1030 1424 1294 1510 importunitatem:

204 1534 368 1593 quanquam
381 1514 411 1573 in
423 1516 525 1596 scripti
539 1518 711 1596 exemplaris
730 1518 977 1597 perturbationem
997 1518 1091 1596 culpoe
1112 1516 1211 1597 aliqua
1228 1534 1295 1595 pars

204 1606 336 1691 conferri,
349 1618 457 1686 potest.
512 1608 616 1671 Sumus
631 1610 708 1668 enim
722 1610 776 1691 ipsi
789 1610 865 1669 male
885 1610 1066 1689 confuseque
1084 1608 1249 1680 scribendo,
1263 1619 1296 1669 et

203 1700 404 1779 expungendis
424 1711 512 1785 atque
528 1701 690 1761 inserendis
702 1702 787 1761 variis
807 1700 998 1773 emblematis,
1010 1702 1040 1759 in
1053 1720 1152 1772 causa,
1165 1702 1231 1780 (sed
1250 1700 1294 1781 ig·

203 1790 348 1863 poscimus
360 1791 413 1873 ipsi
427 1792 522 1867 nobis)
534 1803 566 1853 ut
581 1791 646 1850 libri
663 1790 750 1851 nostri
763 1792 920 1869 aliquando
931 1810 991 1853 non
1003 1792 1113 1871 optime
1127 1793 1293 1854 descdbsm

202 1892 261 1951 rur.
302 1884 380 1943 Nam
402 1884 542 1963 Oporino,
563 1885 648 1961 culus
666 1880 825 1945 domestica
848 1884 1057 1945 consuetudine
1075 1904 1190 1945 menses
1214 1905 1295 1946 conr·

202 1975 300 2054 plures
320 1995 384 2035 sum
402 1994 480 2045 usus,
499 1973 583 2034 testis
601 1992 667 2033 esse
685 1993 813 2052 possum,
834 1992 893 2054 qua
913 1974 1097 2036 solicitudine
1116 1978 1294 2057 scripum·

203 2067 331 2148 cbetypa
343 2067 432 2144 legat,
447 2066 615 2144 distinguat,
628 2065 760 2137 adornet,
774 2066 911 2130 emendet
923 2076 1079 2147 antequam
1100 2069 1294 2133 excudentur.

204 2160 264 2221 Eas
277 2160 364 2238 igitur
377 2160 434 2224 hac
448 2159 575 2222 editione
588 2158 710 2235 mendas
730 2178 833 2220 omnes
851 2159 971 2221 sustuli:
991 2160 1163 2221 assimilem
1178 2162 1294 2222 miami-

202 2262 292 2321 tatem
305 2271 393 2322 nuno,
405 2270 471 2310 cum
484 2251 580 2330 priore
599 2262 707 2312 conata
717 2251 798 2331 quasi
811 2252 922 2331 glacies
935 2252 1030 2313 bactu
1041 2263 1074 2312 et
1086 2253 1134 2313 ria
1145 2254 1295 2333 petefrem

202 2356 257 2415 est,
272 2344 351 2405 vitari
372 2363 458 2423 posse
479 2343 606 2404 confido.
662 2344 760 2405 Prima
777 2344 868 2424 igitur
889 2346 954 2405 brec
977 2344 1033 2404 erit
1052 2343 1136 2421 bajus
1157 2346 1294 2410 editionis

201 2435 318 2507 utilitas,
334 2448 364 2496 et
376 2435 458 2516 quasi
471 2436 676 2515 praerogativa:
697 2437 981 2517 praeterquamquod
992 2435 1059 2498 brec
1072 2436 1223 2497 enobiridii
1233 2439 1294 2500 l’or·

201 2548 249 2604 rna
272 2528 429 2589 rationibus
451 2529 656 2599 studiosorum,
681 2548 839 2609 pauperum
862 2530 892 2589 in
915 2529 1023 2609 primis,
1046 2533 1295 2595 accommodatior

201 2633 263 2687 est:
287 2633 318 2681 et
331 2640 349 2681 a
361 2621 595 2701 locupletioribus
616 2640 721 2701 magno
742 2621 889 2694 volumini,
901 2620 981 2701 quod
991 2629 1023 2681 et
1037 2625 1250 2685 commentariis
1263 2636 1295 2686 et

200 2714 322 2778 aliorum
335 2714 617 2793 interpretationibus
631 2726 675 2775 est
688 2714 871 2793 locupletius,
884 2712 973 2773 facile
985 2712 1049 2773 sine
1062 2714 1238 2778 detrimento
1251 2719 1293 2777 rei

201 2807 347 2869 familiaris
360 2808 544 2886 adjungetur.
595 2806 714 2867 Deinde
730 2805 755 2865 si
770 2826 828 2885 qua
845 2806 892 2865 vel
911 2805 1061 2865 obscurius
1075 2808 1231 2886 explicata,
1244 2808 1293 2868 sel

200 2900 328 2979 asperius
342 2900 485 2961 collocata
494 2899 675 2970 ridebantur,
683 2895 813 2975 (idquod
822 2896 852 2954 in
862 2895 1023 2956 imitatione
1035 2915 1142 2974 greces
1151 2897 1293 2959 elocutio-

174 3068 177 3076 ,
199 2993 244 3069 pis
258 3012 323 3065 raro
337 2991 483 3070 effugitur)
499 3010 535 3049 aa
544 2990 682 3069 planiora,
690 3000 727 3049 ut
737 3006 836 3065 spero,
846 2999 877 3047 et
885 2986 1059 3047 dilucidiora
1067 2988 1233 3049 effecimus:
1246 3003 1291 3063 ut,

199 3096 308 3163 quanto
322 3082 410 3160 ipsius
424 3082 529 3141 autoris
542 3081 636 3141 oratio
649 3079 751 3139 melior
769 3090 800 3137 et
814 3076 940 3137 ornatior
953 3089 1009 3148 est,
1020 3087 1103 3135 tanto
1115 3090 1217 3139 nostra
1224 3083 1291 3159 plna

200 3188 231 3255 et
241 3175 315 3234 lucis
330 3185 360 3233 et
370 3172 516 3233 facilitatis
534 3172 643 3232 habere
664 3170 804 3230 videatur.
847 3168 923 3228 Sunt
942 3168 1029 3227 etiarn
1053 3169 1200 3247 explioata
1220 3191 1293 3233 non-

126 3314 131 3320 .
200 3267 279 3327 nulla
293 3269 337 3344 (nt
350 3265 412 3325 dies
423 3264 500 3325 diem
514 3263 611 3341 docet)
626 3281 690 3341 quse
708 3261 792 3321 nobis
805 3272 874 3323 ante
890 3258 1077 3319 dubitationis
1095 3260 1205 3339 aliquid
1216 3276 1293 3327 stru.

200 3359 304 3427 lerant.
319 3367 349 3416 ct
361 3356 464 3415 relicta
476 3366 574 3415 minen
587 3358 635 3429 (ne
647 3352 718 3431 quid
729 3371 829 3413 rerum
841 3351 1032 3427 dissimulem)
1045 3351 1106 3410 sire
1119 3352 1290 3433 depravata,

199 3450 260 3521 sive
274 3449 381 3527 alioqui
393 3467 446 3527 per
465 3467 496 3506 se
514 3448 638 3510 obscure
651 3443 796 3516 nonnulla,
809 3464 876 3525 qum
889 3444 970 3505 nulla
982 3444 1211 3524 investigationis
1225 3448 1292 3510 dili.

200 3541 300 3621 gentis
312 3540 462 3615 restituere
475 3558 510 3599 ac
524 3538 675 3598 declarare
689 3536 779 3617 potui.
830 3535 917 3604 Quod
930 3548 964 3597 ut
977 3556 1034 3617 ego
1051 3537 1179 3618 ingenua
1199 3542 1291 3602 confi.

199 3646 273 3705 teor,
287 3633 328 3693 ita
340 3632 409 3691 mihi
429 3630 554 3693 candide
574 3628 687 3708 ignosci
706 3628 810 3695 velim:
831 3629 877 3689 vel
897 3628 1004 3691 baeda
1023 3648 1122 3703 musa,
1142 3634 1222 3713 quod
1238 3654 1291 3694 sos

198 3726 292 3786 nodos
311 3728 355 3804 (ut
368 3724 509 3783 Horatius
529 3723 624 3800 vocat)
638 3722 741 3799 dignos
760 3740 826 3783 esse
844 3720 971 3793 vindice,
985 3724 1079 3803 quiris
1098 3726 1178 3785 baud
1198 3726 1290 3787 dubie

198 3818 308 3898 peritus
327 3816 476 3894 utriusque
492 3816 600 3894 lingua
613 3814 775 3892 intelliget:
795 3833 909 3893 nosque
921 3826 985 3875 tutu
997 3816 1183 3877 hesitationis
1202 3838 1289 3879 ecca·

198 3911 319 3983 sionem,
333 3920 395 3969 turn
409 3908 595 3989 ignorationis
614 3906 834 3969 excusationem
849 3906 975 3986 aliquam
988 3907 1123 3968 babuisse
1139 3910 1287 3992 fatebitur.

199 4001 449 4075 Quemadmodum
462 4012 560 4061 autem
574 4000 755 4063 liberalitatis
770 4008 825 4073 est,
838 4019 952 4081 eaquae
965 3999 1084 4073 babeas,
1097 4001 1225 4081 benigne
1237 4004 1289 4064 im·

197 4094 307 4175 pertiri:
322 4094 363 4153 sic
376 4092 532 4155 verecundi
547 4104 577 4153 et
590 4092 740 4173 prudentis
754 4092 840 4153 animi
854 4092 951 4165 fucrit,
961 4112 1007 4165 ea,
1018 4113 1085 4172 quse
1098 4114 1157 4154 noa
1168 4096 1288 4181 babeas,

196 4208 215 4249 a
232 4186 471 4266 locupletioribus
494 4204 658 4264 comagare.
699 4185 797 4264 Atque
810 4184 842 4243 id
855 4183 924 4243 mibi
942 4183 1032 4244 fuisse
1051 4186 1241 4264 propositum,
1256 4198 1288 4249 et

198 4278 405 4350 Thrasoqicam
428 4297 527 4337 eorum
550 4276 752 4355 arrogantiam,
766 4276 815 4354 qui
836 4294 868 4335 se
889 4276 963 4335 scire
986 4277 1082 4335 omnia
1103 4277 1286 4355 profitentur,

198 4370 389 4451 displicuisse,
404 4369 501 4442 velex
515 4390 552 4431 eo
566 4368 671 4447 conjici
680 4380 794 4447 potest,
808 4369 897 4445 quod,
913 4368 961 4428 nbi
974 4368 1012 4447 ad
1027 4366 1191 4443 huiusmodi
1211 4372 1287 4431 sale·
