2984 4917
218 341 255 381 cc
316 341 322 360 ¹
366 353 368 362 ι
569 315 728 380 nalslttl
751 314 976 381 PRAEFATIO

618 647 749 714 SEGT.
773 647 922 714 XXVI.
991 675 997 685 ·

603 819 796 880 neaman
807 820 932 896 samse.

262 981 436 1044 lantcraus
449 982 598 1054 instruam,
618 1001 637 1043 a
656 1003 704 1042 me
718 965 876 1056 confectis,
890 982 929 1044 ad
948 983 1071 1065 paginas
1091 982 1226 1045 editionis
1242 983 1330 1044 meoe'

221 1075 455 1146 accommodetis,
477 1086 508 1136 et
529 1071 769 1147 Demosthenem,
792 1086 823 1136 et
842 1078 906 1155 ejus
925 1076 1053 1148 sodales,
1073 1075 1228 1148 historicis,
1246 1097 1327 1156 geo-¹

221 1166 375 1246 graphicis,
396 1167 505 1244 legum,
528 1165 737 1226 vocabulorum
761 1178 794 1227 et
816 1167 985 1239 dictionum,
1006 1187 1064 1228 nec
1087 1187 1146 1228 non
1167 1163 1321 1240 iariornm,

160 1315 165 1336 ,
222 1260 329 1338 cuique
358 1259 539 1340 propriarum
568 1259 757 1320 locutionum.
797 1259 1010 1322 Demosthenis
1043 1263 1156 1324 indices
1181 1263 1320 1323 volumen

221 1371 312 1411 unum
327 1361 493 1430 separatum
512 1351 684 1430 implebunt.
724 1351 762 1411 ln
778 1352 906 1432 reliquos
919 1365 1050 1415 oratores
1061 1375 1136 1435 quos
1148 1353 1262 1415 confeci
1274 1354 1319 1414 in·

222 1444 313 1514 dices,
334 1441 363 1501 hi
376 1443 436 1503 suis
454 1443 563 1523 quique
575 1443 726 1504 autoribus
741 1445 942 1522 subjicientur.
984 1447 1036 1507 Ad
1048 1447 1175 1528 reliquos
1187 1458 1321 1508 oratores

223 1556 291 1616 quas
304 1534 483 1614 mihiparsta
494 1536 553 1598 sint
562 1536 690 1597 subsidia
700 1537 812 1608 critica,
826 1538 857 1598 in
866 1537 1038 1618 prefatione
1049 1539 1089 1599 ad
1099 1559 1152 1600 eos
1161 1557 1319 1618 exponam.

222 1627 370 1688 Volumen
396 1629 557 1688 secundnm
583 1615 807 1702 Demosthenis,
834 1632 913 1711 quod
944 1643 1012 1692 ante
1040 1631 1150 1691 exitum
1175 1630 1318 1702 autumni,

182 1737 185 1750 “
221 1740 309 1800 quem
321 1720 483 1801 prosImum
498 1731 745 1800 exspectandae
765 1724 856 1802 praelo
875 1724 1058 1802 proditurum
1077 1721 1220 1801 spondeo,
1236 1742 1319 1783 corn·

221 1809 368 1894 plectetur
382 1813 542 1875 orationum
553 1813 676 1874 classem
686 1823 828 1892 quartam,
838 1825 924 1894 prout
931 1814 1056 1874 Wolfius
1067 1813 1210 1887 divisitin
1220 1813 1320 1874 causis

221 1907 342 1986 privatis
363 1907 516 1987 plerasque
537 1893 699 1994 versantes.
721 1898 911 1984 subjicientur
933 1906 989 1967 illis
1012 1906 1043 1984 1)
1067 1905 1265 1967 dedicationes
1288 1917 1320 1968 et

221 1999 408 2080 prefationes
422 1999 580 2059 editionum
593 1996 775 2078 superiorum
790 1998 997 2059 Demosthenis
1005 1999 1146 2070 omnium,
1154 1997 1185 2057 h.
1194 2018 1222 2060 e.
1237 1999 1319 2070 nldt,

223 2091 373 2166 Feliciani,
387 2092 471 2152 Pauli
486 2091 622 2164 Manutii,
637 2091 747 2165 Wolfii,
761 2092 907 2166 Lambini,
921 2091 1050 2174 Taylori.
1064 2097 1097 2168 2)
1110 2091 1228 2153 collatio
1236 2091 1320 2172 pagi·

221 2206 326 2246 narum
343 2184 517 2246 nobiliorum
537 2185 698 2245 editionum
710 2184 921 2247 Demosthenis
935 2185 1053 2245 Aldina
1066 2197 1148 2266 puta,
1163 2183 1322 2246 Wolfisnas

222 2280 409 2350 anileensis,
437 2279 593 2339 Wolfianas
619 2278 849 2350 Francfurtanoe,
880 2291 912 2340 et
938 2277 1087 2351 Parisinus,
1115 2297 1183 2338 cum
1209 2289 1321 2338 nostra.

222 2371 444 2434 Commentariis
458 2370 558 2432 Wolfii
578 2371 729 2452 praefigam
744 2372 959 2452 Biographiam,
972 2391 1027 2432 seu
1046 2369 1259 2452 expositionem
1281 2371 1320 2430 de

221 2465 343 2526 fortunis
354 2471 426 2541 ejus,
441 2465 585 2545 rebusque
598 2467 636 2526 ab
651 2484 688 2526 eo
708 2465 738 2524 in
757 2464 849 2525 literis
868 2465 972 2544 gestis,
987 2466 1025 2525 ab
1039 2463 1104 2544 ipso
1118 2463 1237 2543 copiose
1250 2482 1322 2524 eon·
1345 2503 1348 2508 ,

221 2558 375 2638 scriptam
394 2559 425 2618 in
438 2578 496 2640 qus
512 2558 606 2618 multa
624 2557 699 2618 scita
711 2558 830 2618 suntad
844 2558 947 2618 melius
958 2557 1195 2636 cognoscendam
1208 2555 1321 2616 littera·

141 2683 145 2695 ·
222 2671 287 2711 rum
301 2651 508 2722 conditionem,
523 2670 589 2730 quse
603 2650 653 2709 illo
668 2660 731 2710 erat
744 2650 864 2721 saeculo,
874 2649 955 2729 qnod
965 2649 1107 2711 Wolfium
1119 2647 1195 2709 tulit.
1236 2647 1323 2709 Nun·
1432 2698 1436 2707 .

222 2763 310 2826 quam
329 2743 427 2802 lucem
441 2741 513 2802 vidit
531 2742 702 2820 opusculum
715 2743 785 2815 hoo,
799 2763 858 2821 qne
869 2742 1070 2822 dignissimum
1084 2752 1157 2801 erat.
1197 2740 1321 2820 copiam

225 2842 287 2912 ejus
307 2833 376 2894 mihi
390 2835 462 2894 fecit
482 2835 607 2894 lacobus
622 2833 802 2908 Bruckerns,
815 2834 854 2894 V.
876 2835 913 2895 C.
935 2836 1020 2912 cujus
1041 2831 1189 2912 egregiam
1203 2850 1322 2912 operam

220 2929 369 3012 iidemque
385 2927 416 2985 in
429 2926 561 2987 ornando
575 2925 778 2988 Demosthene
790 2946 858 2986 meo
871 2926 941 2988 mihi
960 2926 1151 3007 approbatam
1163 2923 1232 2986 sads
1244 2944 1322 3003 prm·

223 3021 321 3081 dicare
342 3017 439 3078 verbis
459 3039 519 3078 non
540 3037 669 3099 possum.
711 3018 832 3100 Taylori
850 3018 1080 3089 demosthenica,
1100 3028 1133 3078 et
1155 3036 1221 3096 quse
1240 3016 1323 3076 edita

223 3125 293 3174 sunt
316 3113 353 3172 ab
377 3111 440 3192 ipso
460 3109 556 3172 adhuc
575 3109 741 3192 superstite,
756 3124 788 3170 et
807 3131 872 3190 ques
891 3111 923 3170 in
942 3109 1112 3170 adremariis
1132 3107 1246 3180 relicta,
1270 3107 1323 3168 nbi

223 3217 329 3268 nactus
342 3224 394 3264 ero
411 3205 449 3264 ab
467 3202 604 3264 Askewio
618 3204 654 3264 V.
670 3204 707 3264 C.
720 3204 844 3264 reddam
863 3203 970 3264 omnia.
1010 3202 1141 3264 Materia
1154 3201 1256 3262 critica
1267 3219 1322 3281 pe-

225 3297 326 3359 culiari
341 3295 486 3356 volumine
500 3294 581 3355 dabit
601 3295 773 3356 collationes
793 3296 931 3355 librorum
945 3295 1153 3356 Demosthenis
1165 3307 1196 3354 et
1208 3295 1323 3355 cdsmo

225 3397 416 3458 exaratorum,
432 3399 463 3447 et
483 3388 561 3466 typis
580 3385 671 3448 aeneis
692 3406 879 3448 excusorum.
921 3387 1127 3450 commentarii
1151 3387 1207 3448 mei
1232 3405 1323 3466 pecn-

224 3481 296 3542 liare
309 3481 379 3540 item
394 3479 531 3540 volumen
544 3479 716 3560 implebunt.
752 3479 830 3540 lime
844 3491 889 3540 est
901 3479 1060 3562 descriptio
1074 3480 1131 3542 mei
1141 3479 1249 3560 operis.

612 3813 741 3880 SECT.
765 3813 934 3882 XXVII.

586 3987 763 4048 Accessiones
774 3987 958 4070 pausationis.

267 4165 429 4225 Fncsnsm
447 4165 496 4225 hic
514 4165 656 4246 praefandi
676 4165 776 4238 finem,
790 4167 846 4228 nisi
859 4167 1081 4230 intervenissent
1092 4165 1241 4238 nonnulla,
1255 4183 1325 4247 quo

227 4279 275 4321 me
289 4279 371 4340 pune
384 4260 532 4338 fugerant,
546 4260 703 4337 dequibus
722 4271 819 4322 tamen
838 4261 990 4323 admoneri
1008 4263 1135 4323 lectores
1151 4279 1245 4331 meos,
1258 4259 1326 4318 dili·

226 4354 400 4432 gentilisque
415 4352 516 4412 doceri
536 4371 588 4432 par
606 4371 670 4412 esse
686 4352 798 4429 judico.
839 4354 997 4415 Debebunt
1009 4354 1127 4433 quidem
1148 4352 1245 4411 omnia
1264 4350 1325 4410 suis

225 4447 298 4506 locis
312 4446 414 4509 ordine
428 4457 563 4508 enarrate
576 4443 674 4508 inisse.
701 4445 762 4504 Sed
772 4443 972 4525 prefationem
985 4445 1063 4508 hanc
1075 4465 1136 4506 non
1149 4451 1327 4512 maturatam
