2984 4917
78 380 81 387 Δ
206 290 339 355 cosso
543 288 727 353 nsrsxn.
742 286 973 352 rnnsnrro

210 458 363 519 Monecltii
377 452 509 519 codicem
524 450 736 519 mneritas
752 448 917 537 egregium,
930 458 1017 535 eujus
1032 453 1148 535 copim
1160 449 1312 519 nome

188 552 427 632 ’isnpretaturnm
442 553 480 611 sb
494 551 629 623 oeildis,
642 551 704 611 viru
716 551 838 611 mirifice
850 550 980 609 humens
992 559 1026 609 et
1039 550 1081 609 ed-
1090 550 1311 610 communicem

206 644 277 703 dum
299 643 398 723 copies
418 644 568 716 litereriss,
588 644 694 722 quinus
714 643 854 715 abundet,
874 641 964 702 notit
1006 640 1113 720 Neque
1133 640 1242 702 ielellit
1258 662 1310 702 me

205 736 263 796 ists
277 754 356 814 spes.
395 734 480 796 Misit
494 735 572 795 enim
585 736 625 795 ed
638 754 687 795 nse
701 733 855 804 Oedelius,
869 738 954 809 cuius
971 732 1183 812 benignitatem
1202 742 1234 793 et
1245 732 1310 793 effi

205 828 367 888 ciositstcm
388 826 519 888 cretione
538 828 608 888 satis
627 827 792 907 predicere
809 846 871 889 non
889 844 1016 905 possum,
1037 844 1141 886 menso
1158 824 1255 905 sputu
1269 827 1308 885 A.

209 922 299 985 1766.
320 918 463 991 codicem,
477 920 516 979 de
530 938 590 999 quo
609 920 707 980 stetim
719 918 851 999 pluribus
864 918 981 978 dicum.
1014 918 1077 978 Hie
1089 916 1186 979 codex
1198 917 1309 998 primus

207 1024 253 1072 est
266 1022 406 1071 mutorum
420 1012 719 1082 demosthenicum,
734 1011 839 1091 quidus
859 1028 1018 1073 usus'sum.
1033 1010 1085 1070 sis
1095 1030 1143 1071 mc
1156 1010 1245 1090 cupit
1257 1010 1309 1072 du·

206 1122 276 1165 cere
290 1104 434 1164 sermnem
448 1104 563 1165 critice
579 1103 822 1165 Demostheniceo
840 1104 1026 1173 exercente,
1047 1104 1126 1167 illius
1145 1115 1227 1184 puts,
1241 1121 1310 1183 qun

206 1197 285 1259 circe
304 1197 448 1257 lectiones
459 1196 552 1257 verius
566 1208 697 1257 versetur
711 1214 730 1257 e
742 1196 825 1275 libris¹
843 1196 975 1269 vetustis,
996 1215 1051 1255 een
1070 1196 1161 1270 mnu,
1178 1194 1236 1256 seu
1254 1197 1309 1255 iss·

207 1290 316 1371 poessis
329 1290 484 1351 mendas
524 1290 656 1369 Prosper
672 1288 704 1349 in
723 1288 781 1349 lrec
800 1308 835 1349 re
854 1307 1006 1348 successus
1026 1288 1155 1349 oninium
1171 1288 1241 1353 mihi
1253 1288 1309 1348 sus

208 1380 281 1441 didit
305 1382 388 1460 plura
407 1380 544 1461 presidis
563 1380 650 1459 hujus
668 1379 785 1461 generis
805 1378 1071 1461 circumspiciendi.
1111 1381 1189 1441 Cum
1207 1380 1308 1459 iusque

209 1474 377 1533 didicissem
396 1472 598 1553 prestantium
611 1475 846 1537 stembrenerunr
857 1471 1152 1545 demosthenicum,
1165 1490 1234 1552 quse
1247 1473 1309 1531 Au·

207 1576 302 1644 gnte
316 1564 536 1627 vindelicorum
547 1576 709 1639 seruntur,
724 1584 795 1625 cuns
806 1564 1015 1644 pmffiesdone
1026 1564 1159 1637 eliorum,
1173 1576 1239 1624 turs
1250 1584 1307 1625 usn

208 1678 288 1729 meo,
301 1658 404 1737 rogavi
418 1659 508 1718 virum
523 1658 745 1719 celeberrimum
760 1657 902 1717 Iacobum
912 1657 1087 1730 Brulrcsuns,
1100 1669 1136 1717 ut
1144 1676 1247 1719 cunm
1257 1674 1310 1717 cc·

207 1749 288 1830 piem
299 1750 371 1808 mihi
382 1750 507 1833 feceret.
543 1750 637 1810 Dedit
648 1750 707 1811 hoc
717 1748 856 1830 precibus
869 1749 942 1809 meis
953 1750 998 1809 uir
1009 1750 1242 1822 bumm'usimus,
1252 1749 1308 1808 sed

207 1862 263 1923 por
276 1860 403 1903 errorent
423 1843 524 1903 nescio
541 1862 639 1923 quem,
660 1846 743 1919 equs
762 1852 862 1902 temen
881 1843 1023 1903 secundm
1038 1843 1166 1903 fortunus
1181 1832 1307 1921 giutid

206 1937 313 2007 huben,
333 1935 445 1995 fectum
466 1947 521 2007 est,
544 1947 576 1996 ut
596 1954 651 2015 pro
670 1934 846 1995 membranis
864 1934 923 1995 illis
941 1936 1077 2015 antiquis,
1092 1936 1189 1995 codex
1202 1934 1307 2015 uliquis

207 2030 303 2087 multo
314 2028 467 2100 recentior,
483 2048 571 2107 quern
583 2029 731 2087 οεσυπᾶκηι
742 2026 868 2107 appello,
884 2028 924 2087 ud
937 2048 986 2089 une
998 2028 1164 2088 mitteretur
1176 2028 1232 2091 sub
1244 2028 1307 2086 exi·

208 2132 271 2179 tum
285 2121 323 2179 A.
339 2124 428 2185 1766.
457 2120 627 2181 Defunctus
640 2118 740 2181 labore
754 2138 824 2180 euin
836 2120 1017 2193 conferendi,
1031 2121 1140 2192 remisi,
1162 2130 1193 2179 et
1206 2120 1305 2180 denuo

207 2212 308 2291 rogavi
328 2213 441 2291 copism
459 2212 534 2272 illius
553 2212 722 2291 antiquioris
740 2223 773 2271 et
791 2212 1010 2292 mutiens,
1028 2232 1117 2291 querc
1130 2228 1209 2272 eursu
1220 2229 1306 2291 pene

208 2316 276 2364 toto
289 2303 325 2365 A.
343 2306 431 2377 1767,
443 2322 561 2365 mecum
574 2304 672 2365 hebui.
704 2303 840 2365 Remisso
850 2305 921 2365 item
928 2304 996 2376 hoc,
1007 2303 1092 2364 simul
1103 2316 1163 2364 tres
1173 2304 1307 2384 Auguste

211 2397 251 2457 sd
264 2416 312 2456 me
326 2395 497 2469 missisunt,
511 2396 542 2468 ii,
556 2414 628 2476 quos
642 2396 765 2468 tertium,
779 2406 908 2474 quartum
920 2406 951 2456 ct
963 2398 1087 2473 quintum
1099 2396 1228 2475 appello.

247 2490 308 2547 11ae
319 2498 386 2549 sunt
395 2490 487 2569 copies
498 2487 632 2549 codicum
640 2498 792 2564 mutorum,
802 2508 869 2568 ques
876 2487 953 2551 hunc
967 2488 1038 2549 mihi
1049 2488 1205 2548 editionem
1217 2487 1303 2559 udor·

206 2581 289 2643 nunti
302 2581 341 2641 ad
351 2601 452 2643 munus
465 2582 559 2645 fuere.
602 2580 757 2660 sigillatim
768 2600 847 2642 nunc
855 2600 958 2643 eorum
968 2600 1115 2664 quemque
1128 2579 1304 2642 describam.

614 2810 745 2879 SEGT.
768 2807 895 2877 xvn.

583 2974 631 3037 De
644 2974 810 3058 Augustum
819 2972 919 3055 prim

248 3128 300 3186 An
316 3126 491 3205 Augustsno
503 3125 605 3205 primo,
622 3126 750 3186 omnium
762 3124 948 3214 nobilissimo,
962 3126 1077 3187 initium
1095 3126 1198 3187 meritc
1210 3124 1302 3203 lucio,

105 3206 110 3225 ’
206 3216 255 3297 qui
269 3218 349 3297 quod
362 3238 440 3277 nunc
460 3218 528 3276 mihi
543 3216 581 3277 nd
595 3236 696 3278 munus
709 3236 769 3277 non
788 3218 826 3277 sit
844 3216 964 3279 codices
982 3238 1064 3279 meos
1080 3218 1256 3290 recensenti,
1269 3215 1303 3277 id

204 3311 318 3373 veroin
331 3303 428 3390 primis
442 3330 521 3389 tegre
536 3310 609 3371 fero.
650 3308 799 3389 Quicquid
817 3310 895 3369 enim
910 3311 949 3372 de
962 3330 1000 3371 ec
1012 3312 1117 3386 dicam,
1131 3332 1149 3373 e
1161 3310 1303 3372 memoris

205 3402 396 3485 repetendum
418 3414 474 3477 est,
495 3420 562 3482 quer
582 3402 664 3461 fluxu
684 3412 716 3461 ct
734 3401 829 3461 labilis
850 3412 905 3462 cst.
947 3402 1052 3464 Codex
1072 3416 1118 3465 est
1131 3404 1192 3475 ille,
1207 3402 1258 3483 qni
1270 3402 1303 3461 in

207 3496 352 3575 Catulogo
367 3496 554 3577 Ehingerano
568 3516 598 3574 p.
612 3498 683 3559 76³.
697 3493 728 3553 in
742 3494 935 3555 Reusnersuo
946 3515 977 3576 p.
990 3498 1040 3561 78.
1054 3516 1084 3556 n.
1096 3500 1126 3557 2.
1139 3496 1183 3556 sic
1196 3514 1302 3554 recen·

150 3633 154 3641 .
207 3599 288 3648 sctur
299 3588 492 3647 Derisustlenis
503 3588 585 3645 codes
596 3594 675 3645 cetus
683 3606 742 3644 cum
749 3588 950 3647 commentariis
967 3586 1091 3665 Wpiam,
1104 3588 1154 3645 sed
1164 3587 1226 3646 linc
1239 3586 1302 3645 iude

204 3682 316 3739 mretilus
328 3690 356 3738 et
377 3680 449 3738 lectu
463 3680 588 3752 dffcilis.
629 3676 742 3738 Eadem
757 3697 841 3758 poene
856 3678 964 3759 scriptu
976 3691 1059 3741 erant
1072 3699 1090 3740 s
1104 3678 1204 3739 nescm
1218 3682 1302 3753 cujus

204 3792 294 3833 manu
307 3772 337 3831 in
351 3772 443 3851 primo
456 3770 527 3832 folio
540 3770 617 3830 illius
631 3770 752 3843 codicis,
767 3789 835 3831 cum
850 3772 975 3832 nbsurdn
987 3784 1019 3833 et
1037 3770 1230 3851 ignominiose
1242 3770 1301 3831 hac

205 3877 286 3937 nota,
311 3866 358 3943 qui
378 3865 492 3925 codicem
514 3864 584 3923 lunc
606 3872 721 3937 tractet,
740 3882 794 3941 pro
816 3864 944 3924 ticcam
967 3865 1096 3925 cardones
1116 3864 1301 3923 inuenturum.

206 3958 282 4022 Quse
295 3955 459 4034 quicunque
471 3953 594 4033 scripsit,
611 3974 785 4039 quemquam
795 3951 1090 4030 vereor,‘new01uus
1103 3955 1165 4035 lpse
1177 3954 1302 4036 scripse·

203 4048 251 4123 rit,
267 4066 314 4106 nse
328 4046 352 4106 is
364 4046 426 4129 ipse
440 4057 534 4107 semet
547 4046 697 4107 infamavit
711 4057 742 4108 et
756 4048 909 4108 stultitiam
921 4066 1004 4109 suum
1018 4046 1188 4118 denudavit,
1202 4046 1240 4107 de
1254 4066 1302 4105 re·

202 4142 258 4201 bus
272 4140 458 4221 incompertis
471 4151 583 4200 temere
599 4138 745 4217 judicans,
765 4150 797 4200 et
813 4160 849 4200 cu
869 4140 997 4213 elevans,
1018 4158 1142 4225 quorum
1159 4150 1300 4219 prestan-

190 4234 272 4294 -tinm
285 4232 347 4313 ipse
360 4252 412 4291 suo
427 4252 481 4293 usu
500 4251 559 4291 non
576 4230 732 4292 didicisset.
775 4232 879 4293 Codex
896 4232 986 4293 estin
999 4244 1104 4314 quarto
1123 4251 1209 4311 paene
1228 4250 1300 4310 quu-

203 4328 315 4405 drutus,
328 4316 445 4410 spissus,
458 4336 534 4385 totus
547 4327 799 4397 membranaceus,
814 4336 845 4385 ct
857 4327 893 4386 ab
908 4326 1012 4387 endem
1029 4346 1128 4397 manu,
1149 4324 1174 4385 si
1192 4325 1298 4385 decern

202 4420 273 4485 solis
294 4418 478 4501 exceperiss
495 4438 582 4481 mann
601 4418 765 4479 recentiore
788 4418 932 4500 supplete,
953 4428 1104 4493 excretus,
1123 4416 1244 4489 soeculo,
1264 4426 1299 4478 ut
