2984 4917
519 261 680 328 adrexit
700 259 926 326 semitrio
943 273 956 327 ‘.

1127 445 1150 490 0¹¹7
1189 447 1195 459 0
1285 435 1294 478 ἱ

510 631 513 639 .
579 508 1102 671 sacrarent-3⁴¹4
1179 632 1184 646 ,
1289 530 1295 542 “

530 729 652 790 Nomina
669 730 942 808 prmrumerctorum.
963 708 967 717 ’

230 894 452 956 Paovracrsu
473 895 503 955 in
530 894 646 956 edendo
662 897 874 964 =Demostbena
891 897 969 967 mibi
982 893 1185 981 smnsiqss
1197 897 1296 984 delegi

189 987 268 1048 ultro
280 1007 420 1068 perquam
432 989 553 1048 arduam
568 999 599 1049 et
610 990 724 1062 duram,
734 1009 801 1050 cum
812 991 876 1050 aliis
886 991 986 1051 multis
993 993 1035 1053 da
1047 994 1159 1066 causis,'
1167 1000 1241 1076 quas
1248 1015 1297 1056 re·

190 1090 292 1162 petere
305 1079 345 1139 nil
354 1085 448 1156 jurat,
456 1081 517 1158 Jam
527 1100 614 1161 supra
627 1081 785 1162 plerasque
800 1081 1056 1156 commemoratas,
1065 1081 1129 1147 tu'm
1138 1083 1196 1146 lta'c
1207 1087 1297 1147 maxi-

189 1163 248 1248 me,
259 1174 338 1253 quod
352 1173 433 1234 setall
447 1175 574 1254 quadam
588 1176 766 1236 necessitate
780 1177 851 1235 mihi
865 1167 1007 1249 eveneiit,
1023 1191 1058 1238 us
1071 1168 1296 1261 estssldegeridt

188 1280 267 1329 esset
280 1269 313 1328 iis
334 1268 364 1326 in
377 1268 472 1338 terris,
487 1287 597 1347 eosque
617 1269 694 1329 inter
707 1268 850 1339 homines,
866 1259 1058 1353 quospamm
1071 1267 1295 1352 grieca'curare

188 1380 312 1422 necesse
331 1370 377 1419 est
390 1380 427 1419 ex
443 1379 479 1420 eo
493 1361 636 1433 arbitrari,
655 1362 737 1441 quud
757 1359 866 1422 librarii
879 1365 1295 1431 'nostratesadexoudendos

187 1454 279 1513 libros
296 1471 410 1530 graecos
431 1452 518 1512 nullis
530 1453 678 1532 precibus,
695 1453 783 1517 nullis
805 1454 1019 1528 conditionibus
1026 1459 1151 1528 „sedeci
1167 1457 1294 1549 possint.

188 1545 260 1605 Non
279 1543 414 1623 equidem
424 1540 591 1621 infitiabor,
605 1543 717 1640 aliquot
737 1549 776 1608 eb
791 1536 955 1609 hinc'eunis
970 1536 1097 1629 cmpis'sd
1105 1538 1164 1610 bac
1175 1537 1206 1610 iu
1220 1553 1294 1611 urbe

187 1639 277 1700 libros
291 1637 450 1698 nonnullos
461 1657 575 1718 graecos
596 1631 654 1711 edi,
670 1639 725 1699 sed
740 1633 835 1719 neque
853 1641 939 1715 multi
956 1654 1024 1701 sunt
1037 1643 1088 1716 illi,
1102 1656 1134 1707 et
1153 1641 1294 1704 verumsi

187 1731 278 1792 velint
288 1751 388 1792 eorum
403 1720 641 1814 editores'fateri,
656 1729 756 1792 nescio
770 1752 808 1791 an
829 1753 866 1792 ne
888 1732 942 1814 ipsi
956 1718 1074 1814 quidem
1085 1717 1295 1797 dissimulatum

188 1824 256 1895 sint,
271 1843 322 1885 eos
336 1843 395 1884 aere
408 1823 599 1904 periculoque
619 1841 671 1884 suo
693 1839 820 1885 excursos
841 1824 917 1886 ess'e.
951 1827 1028 1907 ‘Ego
1048 1829 1196 1908 equidem,
1214 1846 1293 1907 quse-
1395 1855 1400 1862 ·

183 1921 305 1998 busque
325 1917 447 1978 aliorum
468 1929 514 1977 est
533 1935 586 1978 scu
608 1935 752 1991 sots,*seu
764 1913 903 1987 felicitas,
920 1916 1183 2000 inexpugnabilem
1202 1922 1292 1981 lr'abai

186 2029 272 2092 pane
284 2021 348 2070 tots
360 2029 428 2070 mea
439 2009 499 2070 rita
512 2010 695 2071 librariorum
709 2009 901 2090 pertinaciam
919 2023 950 2072 et
961 2005 1112 2086 duritiem,
1123 2026 1155 2075 et
1165 2013 1292 2074 aversio·
1358 2031 1369 2048 ·

186 2125 254 2165 nem
264 2121 287 2165 'a
301 2125 348 2164 rue
362 2105 495 2184 meisque
516 2104 671 2165 conatibus
684 2104 829 2175 litorariis,
845 2116 878 2180 ut
888 2123 1014 2167 necesse
1028 2105 1193 2181 habuerim,
1211 2127 1291 2196 qum·

186 2217 304 2278 cunque
317 2197 406 2268 edidi,
421 2217 487 2276 ques
501 2216 595 2277 pauca
612 2207 689 2271 sunt,
709 2209 743 2257 ut
756 2198 831 2257 inre
844 2197 979 2272 familiari
1000 2217 1148 2281 perquam,
1164 2199 1290 2272 modica,

156 2353 159 2360 ,
187 2309 224 2352 ea
237 2311 304 2350 meo
318 2311 377 2350 aere
391 2301 422 2350 et
435 2290 564 2370 periculo
578 2291 758 2351 excudenda
771 2291 852 2352 dare.
892 2291 994 2364 Unde,
1006 2292 1036 2352 id
1047 2293 1127 2371 quod
1141 2291 1235 2354 facile
1245 2304 1292 2353 est

186 2384 361 2456 existimatu,
383 2403 521 2462 magnam
540 2383 586 2444 rei
601 2383 773 2445 domesticas
781 2381 928 2461 jacturam
940 2385 1045 2457 retuli;
1066 2403 1154 2465 quam
1170 2385 1238 2458 tuli,
1259 2397 1293 2445 ut

185 2479 279 2560 potui,
288 2477 357 2538 satis
370 2497 456 2556 esque
470 2477 578 2538 animo.
621 2476 854 2538 Demosthenem
869 2489 979 2550 autem,
989 2491 1020 2538 et
1032 2497 1100 2538 eum
1114 2478 1233 2558 quidem
1246 2489 1292 2539 tot

185 2571 358 2632 necessariis
378 2572 553 2630 ornamentis
573 2581 663 2650 atque
682 2571 878 2630 instrumentis
891 2583 1022 2647 suctum,
1037 2571 1101 2652 pari
1112 2573 1292 2633 modoinsa·
1379 2595 1395 2604 ·

186 2685 256 2725 num
269 2665 381 2736 fuisset,
395 2663 419 2723 si
435 2674 557 2724 conatus
572 2681 667 2723 essem
683 2664 782 2727 edere.
825 2665 1076 2746 Quareproposui
1087 2663 1208 2726 biennio
1221 2675 1290 2726 ante

185 2758 384 2821 conditionem
405 2757 539 2818 studiosis
567 2777 730 2840 macarem
750 2758 908 2831 literarum,
923 2769 957 2818 ut
971 2771 1084 2820 sumtus
1105 2758 1289 2820 necessarios

182 2853 341 2914 facientem
350 2871 397 2912 me
408 2850 533 2931 pecunia
548 2849 696 2912 collaticia
709 2851 893 2932 adjuvarent.
933 2849 997 2925 Sed
1009 2852 1114 2927 surdas
1127 2870 1212 2931 paene
1220 2852 1289 2911 'ubi'-

184 2968 243 3028 que
255 2947 346 3007 habui
360 2963 454 3018 aures,
466 2956 623 3025 portasque
644 2946 769 3017 clausas,
794 2944 865 3016 siva·
877 2945 1026 3006 communi
1047 2941 1175 3025 quodam
1196 2945 1290 3005 bomi-

183 3059 263 3113 num,
274 3039 323 3119 qui
338 3057 418 3098 nuuc
432 3049 507 3110 sunt,
523 3057 594 3116 erga
613 3037 712 3104 literas
734 3051 847 3116 graecas
866 3031 988 3118 frigore,
1008 3039 1069 3098 sive
1090 3037 1288 3098 infamia'coe‘·

184 3133 237 3215 pu',
254 3131 333 3212 quod
347 3131 405 3201 alii,
420 3131 505 3211 siqui
519 3131 662 3207 ejusmodi
683 3129 913 3210 subscriptiones
931 3120 1166 3210 proposuissent,
1184 3131 1289 3192 credu-
1336 3209 1343 3222 ‚

184 3228 280 3286 lorum
303 3239 457 3284 crumenas
479 3242 546 3283 cum
571 3221 784 3294 emunxisseut,
809 3221 905 3282 verbis
929 3223 988 3283 suis
1010 3221 1071 3284 ilde
1085 3243 1144 3298 non
1158 3224 1289 3306 praestita

184 3339 247 3381 rem
260 3320 290 3377 in
303 3337 336 3378 se
349 3319 456 3377 bonam
471 3317 499 3377 in
513 3313 706 3395 suspicionem
728 3329 818 3395 atque
842 3316 979 3378 invidiam
1001 3304 1206 3394 adduxissent3
1228 3318 1289 3379 sire

185 3413 312 3492 denique
334 3430 405 3490 erga
424 3426 471 3470 ma
492 3409 591 3470 nescio
605 3423 664 3488 qus
680 3409 833 3468 hominum
851 3409 1066 3484 malevolentia,
1081 3423 1113 3472 et
1127 3411 1287 3492 suspicaci·

182 3517 244 3567 tate
258 3516 347 3585 atque
367 3503 526 3563 animorum
548 3520 628 3562 arne
642 3491 868 3574 abalienatione.
913 3501 1025 3564 Adhuc
1044 3503 1174 3583 quidem,
1194 3503 1288 3585 magis

183 3601 279 3670 stum,
294 3617 381 3678 quam
403 3599 654 3676 exspectarersm,
670 3595 701 3656 in
722 3595 782 3656 hoc
807 3608 899 3668 muto,
915 3610 976 3656 tam
998 3595 1212 3670 salutassem
1234 3615 1286 3659 ne·

183 3693 321 3764 cessario,
336 3702 395 3750 tam
416 3709 496 3769 sepe
510 3689 643 3768 flagitato
658 3699 688 3750 et
700 3689 776 3749 votis
791 3688 918 3749 omnium
932 3689 1065 3770 expetito
1078 3689 1227 3750 molimine
1238 3692 1288 3751 de·

182 3797 277 3847 sertus
285 3801 373 3864 paena
387 3781 423 3842 ab
438 3781 582 3852 omnibus,
596 3781 684 3842 etlstu
697 3783 734 3842 ab
750 3781 940 3855 amicissimis,
954 3783 1006 3855 iul,
1023 3802 1199 3864 quamquam
1209 3784 1287 3845 bene

182 3880 221 3939 de
232 3897 269 3937 eo
282 3873 389 3936 saeculo
403 3887 551 3954 nunquam
564 3875 690 3955 speravi,
701 3875 781 3955 quod
796 3895 849 3934 usu
863 3876 941 3947 novi,
952 3875 1058 3948 ventri,
1074 3894 1186 3956 ganeam
1196 3876 1286 3948 luxui,
1330 3915 1334 3924 ·

181 3969 358 4041 libidinibus,
373 3967 524 4048 cupiditati
550 3979 582 4028 et
605 3969 734 4028 avarities
753 3968 894 4041 deditum,
915 3969 944 4033 in
965 3989 1066 4050 equos,
1087 3971 1119 4030 iu
1134 3987 1234 4042 canes,
1257 3971 1286 4028 iu

181 4073 287 4132 scorta,
301 4061 332 4119 in
345 4059 450 4132 aleam,
464 4057 495 4118 in
510 4059 665 4134 cantrices,
680 4061 709 4120 in
724 4062 867 4134 scenicos,
883 4061 912 4120 iu
927 4081 1030 4143 nuges,
1049 4062 1079 4122 in
1093 4082 1141 4123 res
1154 4079 1287 4144 quasque

126 4175 134 4189 ·
181 4169 290 4237 turpes,
305 4164 336 4212 et
350 4151 475 4233 corpori,
492 4151 640 4234 famaeque
658 4167 692 4214 'et
714 4153 756 4214 rei
771 4153 898 4234 denique
911 4155 1046 4218 familiari
1060 4157 1287 4217 detrimentosss

179 4249 289 4309 fumosa
302 4265 370 4308 sues
384 4265 455 4326 opes
467 4245 632 4326 prodigere,
648 4248 675 4308 in
690 4267 738 4309 res
749 4259 848 4308 sutem
863 4247 974 4310 divinas
994 4249 1195 4332 humanasque
1209 4269 1285 4330 prm·

182 4343 275 4403 claras
288 4341 467 4426 publiceque
481 4341 630 4412 salutmes,
646 4341 749 4422 patriae
763 4341 914 4421 gloriosas,
930 4356 962 4405 et
980 4344 1019 4404 ud
1037 4363 1154 4405 omnem
1173 4363 1285 4403 memo·

181 4435 254 4497 riam
268 4431 437 4516 splendidas
454 4431 569 4494 suturas
580 4434 630 4495 ael
651 4433 912 4512 obolumerogare
926 4435 1130 4510 reformidare,
1145 4447 1285 4516 tanquam
