2984 4917
353 314 412 375 AD
434 309 556 377 SUUM
577 311 804 375 nsMosttr.
826 310 1048 375 PRAEFATT.
1100 338 1109 377 r
1192 306 1257 373 laix'

147 468 216 549 quis
227 464 319 529 thenit
330 466 382 528 bic
396 462 550 547 mptmn,
564 467 705 547 quibusve
723 468 902 549 temporibus
919 466 1032 538 vixerit,
1050 484 1110 527 non
1131 477 1257 536 consur,

152 573 253 623 tamen
268 580 338 621 euna
352 571 422 621 ante
435 560 546 639 aliquot
565 561 666 621 secula
679 562 787 623 vixisse
799 561 950 642 probabile
963 560 1020 638 est)
1035 559 1213 639 cogitabam,
1225 560 1257 617 in

150 674 188 715 eo
200 654 249 713 rel
268 653 397 732 genium
411 652 459 711 vel
472 651 606 712 utilitatis
619 652 729 733 aliquid
747 655 844 715 inesse
865 664 1013 734 oportere,
1033 664 1121 731 atque
1137 651 1210 731 ipse,
1224 661 1258 710 ut

152 746 223 817 dixi,
236 745 438 815 memineram,
452 763 506 805 sne
527 744 565 803 ab
586 764 623 805 eo
644 746 832 818 admonitum,
853 766 914 806 non
933 764 1027 825 pauca
1047 742 1257 803 Demosthenis

151 838 220 898 loca
229 849 261 897 et
271 836 449 897 intellexisse
463 836 580 907 rectius,
594 848 626 896 et
639 837 808 917 diligentius
820 838 1042 919 pervestgrsse·
1082 838 1183 903 Quare
1196 854 1256 895 non

151 928 394 991 committendum
416 928 586 1002 arbitrabar,
604 939 637 988 ut
656 930 827 991 Graecarum
845 930 993 990 literarum
1013 930 1103 989 rudes
1123 948 1161 989 ea
1181 927 1259 988 utili·

150 1008 217 1083 'tate
237 1024 352 1102 penitus
368 1022 586 1083 fraudarentur.
628 1022 663 1081 ln
686 1023 785 1083 anirum
808 1023 895 1102 igitur
917 1032 988 1094 erut,
1012 1021 1163 1101 praeteritis
1183 1022 1256 1092 aliis,

152 1136 220 1194 quae
234 1117 300 1195 plus
313 1117 468 1175 verborum
482 1126 513 1175 et
527 1116 722 1187 obscuritatis,
737 1134 826 1196 qnam
838 1116 1020 1185 eruditionis,
1033 1115 1186 1185 haberent,
1200 1114 1258 1174 uti·

151 1207 262 1269 lissima
280 1226 407 1287 quaeque
427 1226 467 1268 ex
481 1226 518 1267 eo
532 1206 674 1287 decerpta
687 1208 816 1268 inserere
829 1208 902 1269 meis
914 1206 1170 1277 Annotationibns,
1185 1224 1258 1285 ques

153 1298 183 1361 in
197 1312 292 1361 toturn
305 1300 537 1361 Demosthenem
554 1300 729 1379 jampridem
749 1300 869 1374 institui,
882 1312 914 1361 et
927 1311 1031 1380 quarta
1043 1318 1081 1359 ex
1093 1310 1177 1379 parte
1189 1318 1258 1379 pro·

152 1394 315 1475 pemodusn
333 1392 455 1465 absolvi,
475 1392 659 1452 absoluturus
673 1392 761 1453 etiam
777 1403 895 1464 caetera,
909 1391 965 1452 uisi
982 1391 1108 1451 fortunae
1121 1390 1259 1470 iniquitat

156 1496 270 1547 certam
278 1505 318 1545 ac
330 1484 512 1564 tanquillam
526 1484 637 1555 sedern,
650 1495 682 1544 et
695 1486 893 1545 necesarium
907 1484 945 1545 ad
958 1494 1072 1545 tantum
1092 1504 1175 1563 opus,
1195 1504 1260 1564 pro-

157 1588 227 1659 pter
244 1577 326 1656 quod
347 1576 473 1656 plurimi,
493 1586 555 1635 tum
578 1576 687 1647 Graeci,
709 1586 773 1635 urm
794 1576 893 1636 Latini
914 1576 1080 1657 scriptores,
1105 1576 1259 1637 evolvendi

157 1680 258 1743 erunt,
272 1668 360 1729 otium
370 1677 503 1748 negaret.
544 1666 606 1729 Sed
619 1671 657 1728 ab
671 1670 730 1729 hoc
740 1668 874 1729 instituto
887 1669 955 1727 dure
967 1688 1015 1729 me
1028 1669 1154 1729 radones
1164 1670 1258 1749 depu-

154 1762 277 1823 lerunt:
299 1780 366 1833 une,
381 1760 459 1840 quod
472 1760 574 1837 injuria
586 1759 648 1821 lieri
662 1759 817 1819 videbatur
827 1759 966 1839 Ulpiano,
976 1759 1000 1819 si
1014 1765 1077 1835 ejus
1098 1780 1180 1840 opus,
1194 1765 1258 1836 jam

157 1865 227 1915 ante
246 1853 390 1925 mutilum,
413 1853 507 1931 magis
530 1852 617 1913 etiam
639 1862 833 1913 truncaretur.
871 1852 962 1919 Quod
976 1852 1054 1910 eninr
1065 1872 1124 1929 ego
1138 1852 1168 1910 iu
1185 1854 1258 1913 meis

158 1946 292 2027 operibus
307 1956 338 2006 et
358 1945 597 2007 conversionibus
616 1944 796 2025 iniquissimo
816 1944 1050 2017 animosam,
1070 1946 1114 2022 (et
1133 1945 1197 2023 quis
1216 1944 1259 2006 ita

156 2039 229 2099 lenis
242 2050 293 2099 aut
307 2056 408 2099 socors
423 2038 559 2117 estquis
572 2056 626 2099 sua
638 2038 746 2117 scripta
758 2037 920 2098 temerariis
932 2037 1055 2097 aliorum
1067 2037 1200 2097 manibus
1214 2048 1260 2097 st-

156 2132 276 2193 trectari
296 2142 328 2191 et
347 2130 496 2210 compilati
517 2150 598 2210 segre
617 2131 781 2211 patiaturil
801 2132 839 2191 ab
859 2150 897 2191 eo
919 2131 1056 2209 religiose
1075 2130 1147 2189 mibi
1166 2131 1259 2191 absti-

155 2225 286 2285 nendum
299 2224 331 2283 in
344 2222 466 2283 chorum
480 2223 569 2283 etiam
581 2211 831 2285 lucubrationibus
845 2223 1016 2283 arbitrabar.
1045 2223 1160 2295 Altera,
1170 2225 1260 2304 quod,

156 2337 224 2397 quse
236 2336 294 2395 ego
308 2334 527 2396 supervacanea
539 2316 725 2387 censuissem,
741 2316 816 2376 alius
828 2316 953 2375 fumasse
974 2316 1139 2395 cumprimis
1153 2336 1260 2396 oppor-

156 2419 229 2469 tuna
240 2408 297 2469 sibi
310 2420 341 2468 et
354 2407 509 2469 commoda
517 2408 687 2483 judicasset.
728 2411 812 2476 Quot
824 2409 903 2468 enim
915 2409 1023 2487 capita,
1037 2421 1083 2468 tot
1094 2411 1259 2483 sententiae,

155 2512 188 2575 et
200 2520 285 2563 suam
297 2500 419 2580 quisque
432 2499 597 2579 opinionem
610 2510 696 2579 putat
708 2520 774 2561 esse
787 2500 938 2580 optimam,
949 2510 1076 2579 etquam
1088 2501 1177 2579 paulo
1189 2513 1259 2563 ante

155 2594 299 2675 probavit,
310 2604 377 2674 post
385 2593 449 2673 ipse
458 2592 604 2673 repudiat,
615 2602 648 2653 ut
658 2591 729 2656 mihi
737 2591 947 2658 cumLuciauo
956 2593 1122 2661 exclamare
1134 2594 1265 2657 subinde·

385 2794 450 2846 otte
458 2794 616 2862 essem
627 2798 725 2865 supra
735 2798 785 2848 tm
795 2799 872 2861 rsa..

451 2872 970 2941 ·sn‘eeta.,.s<·a‚ssotrrtmsue
1190 2946 1195 2953 ‚

159 2976 228 3039 Etsi
240 2976 317 3036 enim
330 2976 408 3037 illam
430 2976 665 3039 academicorum
679 2978 881 3052 decretaliter
893 2996 954 3036 non
967 2976 1071 3055 probo,
1082 2972 1202 3034 infinitae
1214 2984 1259 3035 ta·

159 3074 232 3127 merl
244 3067 395 3127 doctorum
408 3080 440 3129 et
453 3070 617 3150 sapientum
631 3075 676 3146 (ut
695 3068 842 3149 perhiberi
857 3088 890 3129 se
909 3067 1021 3143 volunt)
1040 3086 1107 3127 cum
1125 3068 1163 3126 ah
1184 3066 1258 3139 aliis,

158 3170 223 3219 tum
237 3179 258 3219 a
277 3160 440 3241 semetipsis
455 3162 659 3234 dissensiones,
675 3162 764 3223 etiam
784 3182 852 3223 cum
865 3161 937 3221 nihil
951 3162 1024 3221 dant
1037 3160 1194 3231 ambitioni,
1208 3171 1261 3221 aut

158 3253 346 3325 emulationi,
367 3272 432 3313 eum
452 3254 591 3335 simplicis
604 3256 733 3315 veritatis
746 3250 897 3316 rationem
907 3255 1019 3315 habere
1038 3273 1072 3313 se
1085 3254 1197 3325 dicunt,
1209 3274 1259 3314 me

159 3346 351 3406 vehementer
363 3356 492 3418 moreat,
505 3355 539 3406 ut
550 3346 648 3407 multis
658 3348 688 3406 in
700 3349 789 3407 rebus
801 3348 949 3427 agendum
962 3356 994 3405 et
1006 3346 1257 3424 pronunciandum

159 3456 225 3500 esse
235 3439 351 3500 candus
361 3439 534 3499 existimem.
575 3440 704 3499 Proinde
718 3460 757 3500 ne
765 3441 886 3501 studiosi
899 3440 996 3499 Latini
1007 3439 1147 3499 sermonis
1159 3441 1188 3497 in
1202 3439 1261 3499 hoo

159 3552 251 3613 opere
262 3532 410 3593 deteriore
424 3531 593 3592 conditione
607 3543 715 3603 essent,
730 3553 816 3613 quam
830 3532 945 3593 Graecis
957 3531 1048 3591 literis
1061 3532 1175 3602 eruditi,
1188 3550 1261 3591 con·

158 3626 315 3687 vertendus
329 3625 418 3685 etiam
431 3626 484 3684 bes
497 3624 616 3705 Ulpiani
627 3627 826 3685 enarrationes
839 3626 965 3703 suscepi,
978 3644 1038 3684 non
1051 3624 1152 3684 aliare
1165 3624 1260 3703 magis

158 3718 260 3789 uam,
271 3736 360 3798 quam
374 3718 502 3778 candore
516 3730 548 3778 et
557 3718 738 3779 humanitate
746 3719 825 3799 requi
838 3717 1055 3796 lectoris„(quis
1069 3717 1146 3775 enim
1158 3717 1193 3777 iis
1204 3716 1262 3776 dif-

157 3810 345 3879 ficultatibus,
368 3828 440 3891 ques
461 3827 549 3891 snpra
569 3810 700 3891 exposui,
723 3812 932 3882 circumvento,
950 3810 1063 3874 veniam
1086 3829 1145 3869 nun
1165 3808 1261 3885 daret,

158 3902 213 3963 nisi
225 3921 246 3963 a
256 3902 405 3963 communi
418 3902 507 3963 etiam
520 3922 606 3965 sensu
620 3904 731 3964 alienus
740 3903 765 3981 l)
779 3915 811 3964 et
821 3902 992 3963 assiduitate
1006 3902 1165 3983 diligentiae
1177 3921 1215 3963 ac
1227 3903 1258 3961 in

160 3996 302 4059 doctrines
325 3994 437 4068 modiis,
462 3996 568 4075 quibus
590 4016 639 4057 rue
661 3998 792 4077 iniquum
817 3996 936 4057 Saturni
958 3996 1039 4055 sidus
1062 3995 1173 4076 exiguo
1191 4015 1260 4056 cunr

158 4084 257 4148 insctu
265 4098 297 4148 et
310 4086 460 4166 voluptate
474 4086 613 4168 alligavit,
626 4088 781 4149 tolerantia
790 4089 986 4149 molestiarum
997 4100 1028 4149 et
1038 4089 1180 4148 laborum.
1201 4090 1262 4148 Co·

159 4180 254 4240 dicem
274 4178 365 4258 igitur
380 4178 530 4250 Graecum,
549 4181 600 4240 ubi
619 4180 649 4240 id
669 4180 740 4243 mihi
761 4182 835 4241 citra
853 4182 1058 4252 temeritatem,
1075 4193 1165 4262 etque
1184 4180 1261 4240 adeo

158 4292 227 4333 vere
241 4290 332 4352 posse
343 4272 444 4333 farere
456 4272 587 4357 videbar,
609 4274 713 4351 partim
727 4274 825 4333 verbis
838 4273 1057 4345 Demosthenis,
1069 4275 1107 4334 ad
1121 4292 1188 4354 quse
1198 4280 1263 4331 tota

159 4364 317 4445 explicatio
326 4364 483 4423 reserenda
496 4374 552 4436 ost,
567 4364 724 4444 diligenter
735 4365 887 4447 inspeetis,
901 4367 1007 4446 partim
1021 4366 1177 4447 sagacibus
1190 4382 1263 4423 con-

155 4458 277 4532 jecturis
292 4455 438 4530 adhibitis,
451 4457 524 4517 locis
545 4457 612 4537 plus
631 4458 675 4519 bis
695 4458 775 4519 rnille
796 4460 920 4534 correxi,
935 4478 1032 4539 neque
1045 4460 1109 4518 fere
1123 4457 1262 4539 pauciora
