2984 4917
379 292 439 353 AD
460 292 584 355 SUUM
603 290 839 355 Dsuosrn.
851 288 1073 353 PRAEFATT.
1175 287 1271 349 xxxix

175 443 396 526 terpretstionis
405 444 604 509 difficillimum
617 466 762 531 quemque
771 458 903 509 autorem
913 447 943 507 in
952 466 1006 511 sua
1014 445 1115 526 lingua
1123 442 1273 523 suscipere

172 538 339 617 ,legendum
358 539 527 600 audebunt:
550 550 580 599 et
598 560 661 603 eam
678 541 732 601 sibi
745 541 915 602 felicitatem
936 540 1169 620 gratulabuntur,
1182 536 1273 615 quod,

173 648 245 709 quae
260 630 291 691 in
304 630 396 691 latino
410 650 544 691 sermone
564 632 682 692 rudiora
692 645 770 705 aunt,
784 645 815 693 et
827 634 917 713 longe
929 632 1006 693 infra
1018 629 1221 692 excellentiam
1234 629 1277 707 ip·

176 741 278 807 sorum
289 734 435 795 autorum,
445 744 482 785 ea
494 744 554 783 non
566 724 706 797 mutilata,
720 746 777 785 non
790 725 951 805 ἱιιῳιίιιιιιιι,
960 744 1018 785 non
1031 725 1200 805 depravata,
1213 740 1274 781 non

179 814 340 887 imminuta,
350 817 407 875 sed
420 816 542 897 integra,
557 838 639 897 pura,
654 828 796 891 correcta,
809 817 911 889 solido,
925 827 958 877 ut
970 819 1007 878 ab
1024 830 1127 877 autore
1145 816 1208 896 ipso
1221 835 1276 894 pu·

179 906 292 967 blicata
311 918 388 981 sunt,
409 922 597 989 cognoscant.
638 910 725 979 Quod
749 921 829 971 certe
850 910 925 971 tanti
945 910 1046 982 refert,
1066 921 1100 969 ut
1120 907 1275 989 optabilius

182 1010 390 1078 estetntmnes
403 1001 437 1061 iis
451 1021 516 1063 esse
530 1004 662 1081 ingeniis,
682 1023 718 1063 ea
735 1003 887 1074 industria,
908 1022 945 1063 ea
962 1000 1113 1073 felicitate,
1134 1012 1168 1061 ut
1187 1001 1276 1059 mium

180 1091 343 1171 linguarum
354 1100 510 1171 conjuncta
519 1096 650 1169 scicntia,
661 1115 761 1157 omnes
770 1116 817 1157 res
827 1096 946 1175 cognitu
955 1094 1132 1155 necessarias
1140 1103 1170 1153 et
1179 1093 1278 1171 utiles,

181 1182 242 1244 sive
263 1184 303 1245 ad
325 1185 442 1265 pietatis
461 1188 580 1259 cultum,
599 1188 659 1249 sive
679 1187 719 1249 ad
735 1187 878 1268 rempubl.
902 1186 1131 1266 gubemanrhm,
1156 1184 1216 1246 sive
1236 1186 1277 1247 ad

176 1295 277 1349 mores
289 1277 466 1351 formandos,
480 1278 539 1340 sive
553 1282 666 1343 adrem
679 1281 868 1341 domesticam
882 1278 1125 1351 constituendam,
1137 1289 1170 1338 et
1178 1298 1277 1341 curam

181 1370 357 1431 valetudinis
369 1372 558 1451 pertinentes,
570 1395 629 1434 non
643 1394 683 1435 ex
691 1374 843 1453 inquinatis
851 1374 1041 1453 interpretum
1052 1373 1159 1445 rivulis,
1173 1373 1226 1433 sed
1238 1393 1279 1435 ex

181 1452 391 1543 limpidissimis
410 1466 537 1545 ipsorum
557 1478 690 1528 autorum
710 1467 839 1528 sontibus
859 1468 1018 1528 haurirent.
1057 1466 1122 1528 Sed
1134 1468 1276 1543 videmus,

186 1577 253 1619 eam
267 1558 408 1637 ignnaimr
426 1560 516 1621 nostri
534 1560 636 1632 saculi,
651 1560 725 1619 etin
738 1580 851 1619 summa
870 1560 1001 1621 dhoendi
1017 1560 1102 1641 copia
1119 1558 1277 1632 fmtidium,

183 1664 218 1713 ut
231 1652 289 1713 hoc
298 1663 397 1733 optare
408 1654 549 1725 audaciae,
563 1672 681 1734 sperare
693 1653 825 1713 stultitiae
837 1673 903 1713 esse
917 1654 1059 1715 videam.
1100 1655 1199 1722 Quare
1216 1675 1277 1715 non

180 1746 403 1827 improbandum
417 1749 472 1811 erit
486 1768 587 1808 eorum
605 1747 745 1827 studium,
762 1748 812 1826 qui
827 1747 859 1807 in
872 1746 904 1806 id
920 1766 1040 1826 operam
1053 1748 1134 1820 dant,
1154 1759 1188 1809 ut
1201 1769 1277 1829 praev

180 1840 358 1900 stantiesima
370 1852 503 1901 veterum
514 1853 703 1901 monumenta
716 1839 827 1920 possint
837 1839 924 1899 etiam
933 1838 1145 1899 mediocriter
1156 1841 1277 1913 literatis

181 1932 281 2011 aliquo
291 1933 380 1993 modo
394 1933 526 2013 intelligi.
565 1933 662 2013 quue
676 1930 807 1993 nonnulli
819 1943 887 1992 sunt
899 1938 1017 2011 (graves
1027 1930 1160 2011 profecto
1169 1944 1202 1991 et
1214 1952 1281 1991 eru·

184 2024 235 2085 diti
251 2025 316 2101 riri)
329 2027 380 2106 qui
392 2048 450 2086 non
470 2027 557 2107 paulo
568 2026 664 2088 utilius
679 2046 743 2087 asse
761 2036 877 2106 putent,
892 2044 979 2105 quam
1000 2024 1081 2104 quod
1101 2044 1181 2085 nunc
1199 2045 1280 2085 corn·

180 2118 282 2199 plures
295 2120 351 2181 sihi
363 2121 461 2181 studio
474 2120 591 2193 habent,
606 2131 641 2180 ut
653 2120 721 2181 hinc
733 2120 800 2180 inde
813 2120 889 2179 male
902 2119 1030 2180 consutis
1047 2120 1130 2199 quad
1147 2120 1281 2183 centoni·
1336 2145 1338 2148 ·

183 2212 249 2282 hus,
268 2232 370 2285 noros,
389 2232 498 2293 eosque
518 2233 647 2292 nugaces
669 2214 840 2293 plerumque
857 2212 971 2273 libellos
996 2212 1095 2291 (pauci
1111 2212 1190 2273 enim
1210 2234 1280 2277 vere

151 2360 155 2369 .
185 2304 263 2363 docti
281 2316 350 2365 sunt
370 2316 401 2367 et
422 2307 600 2385 eloquentes,
619 2305 655 2367 ad
669 2326 743 2385 quos
757 2306 821 2366 hoec
841 2304 1030 2385 reprehensio
1049 2305 1121 2365 nihil
1140 2307 1281 2386 pertinet)

186 2396 373 2469 concinnent,
388 2410 421 2479 et
431 2400 578 2472 cramben,
589 2417 648 2459 non
658 2399 713 2470 his,
722 2398 776 2458 sed
785 2397 950 2458 sexcenties
957 2398 1113 2476 repetitam
1123 2411 1281 2478 apponant.

186 2490 235 2569 quai
253 2491 326 2570 quid
342 2490 470 2553 efficiunt
488 2491 576 2563 aliud,
590 2512 677 2572 quam
695 2502 732 2551 ut
752 2492 893 2551 varietate
914 2492 1142 2571 praeceptionum
1163 2492 1282 2571 ingenia

185 2583 399 2644 distrabantur:
423 2594 454 2647 et
474 2584 658 2666 bibliothecis
679 2585 709 2644 in
731 2585 903 2644 immensum
921 2583 1118 2664 exaggeratis,
1137 2586 1282 2664 neglectio

183 2676 265 2736 libris
278 2676 455 2749 melioribus,
469 2678 630 2737 deteriores
640 2697 698 2737 non
710 2697 774 2737 raro
788 2678 983 2737 celebrentur.
1012 2676 1114 2738 Plures
1127 2677 1191 2739 fere
1200 2698 1280 2741 nunc

186 2780 255 2829 sunt
274 2774 319 2845 (ut
337 2772 375 2831 de
396 2770 458 2830 aliis
481 2775 607 2846 taceam)
625 2772 729 2831 artium
747 2771 866 2831 dicendi
886 2770 1027 2843 methodi,
1048 2792 1135 2850 quam
1153 2773 1283 2852 ipsarum

184 2862 292 2923 mrtem
309 2862 439 2923 studiosi.
481 2864 599 2931 Quaem
621 2874 717 2925 autern
734 2873 812 2923 esset
832 2862 1033 2942 praestabilius,
1048 2864 1236 2924 Aristotelem
1250 2876 1282 2929 et

189 2954 362 3015 Ciceronem
389 2956 508 3018 eruditis
535 2956 691 3016 illustratos
718 2954 931 3015 commentariis
951 2953 1081 3013 studiose
1106 2954 1167 3032 legi
1191 2966 1283 3034 atque

189 3044 291 3107 edisci.
332 3048 502 3126 Quanquam
512 3049 562 3127 qui
576 3069 629 3109 sua
641 3046 814 3127 compendia
827 3066 864 3105 eo
876 3044 1045 3117 retulerunt,
1060 3056 1093 3105 ut
1106 3045 1162 3117 illis
1174 3047 1284 3108 rectius

189 3136 395 3216 intelligendiis
412 3140 549 3211 serviant,
565 3161 615 3201 eos
629 3140 782 3221 plurimum
802 3138 945 3219 profuisse
966 3156 1051 3197 nemo
1070 3159 1131 3199 uon
1149 3126 1285 3219 intelligit

187 3240 221 3291 et
233 3230 351 3291 fatetur.
392 3232 442 3293 Aa
461 3232 583 3293 eandem
605 3233 690 3292 etiarn
710 3230 978 3311 interpretationum
1000 3231 1177 3291 eruditarum
1195 3232 1284 3292 ratio-

189 3342 257 3383 nem
275 3342 340 3383 esse
355 3342 479 3387 censeo:
500 3336 530 3384 et
551 3345 608 3405 ego
621 3326 651 3385 in
672 3324 874 3384 Demosthene
887 3324 1084 3384 convertendo
1098 3344 1135 3384 eo
1154 3325 1284 3404 respexi,

189 3434 248 3475 non
262 3404 360 3487 modo,
374 3426 439 3477 uta
460 3418 580 3479 rudibus
594 3436 757 3497 graecarum
771 3417 918 3477 literarum
931 3417 1089 3497 legeretur,
1105 3419 1160 3479 sed
1169 3429 1202 3479 ut
1215 3438 1285 3479 cura

189 3526 287 3587 graeco
311 3518 415 3569 autore
436 3510 561 3569 conferri
583 3509 674 3589 possit
697 3528 764 3569 mea
785 3508 983 3587 interpretatio
1008 3521 1038 3568 et
1062 3508 1090 3569 ei
1109 3529 1164 3591 per
1187 3511 1286 3571 omnis

192 3602 342 3679 (quantum
355 3600 469 3679 liceret)
482 3602 626 3680 exquisite
647 3601 848 3682 responderet,
870 3621 906 3660 ac
926 3602 996 3660 nihil
1017 3601 1125 3674 malim,
1146 3623 1233 3681 quarn
1252 3614 1286 3665 ut

192 3692 284 3773 (quod
294 3692 324 3751 in
337 3694 435 3753 multis
444 3684 592 3754 autoribus
606 3694 717 3754 factum
732 3714 796 3754 esse
810 3694 910 3766 video)
926 3714 991 3753 curu
1005 3693 1101 3757 latinis
1114 3714 1154 3754 ex
1165 3696 1286 3757 adverso

191 3804 291 3865 graeca
303 3774 557 3865 conjungerentur.
598 3785 667 3846 Non
681 3786 760 3867 quod
774 3786 830 3846 vim
849 3786 939 3859 illam,
953 3799 984 3846 et
998 3790 1042 3867 (ut
1055 3786 1156 3847 Graeci
1169 3790 1286 3865 vocant)

191 3876 336 3951 δεινότητα
350 3878 587 3941 Demosthenicae
601 3879 736 3939 orationis
758 3890 788 3940 et
806 3880 922 3940 atticam
936 3900 1082 3953 venerem,
1099 3891 1130 3940 et
1150 3902 1288 3943 numeros

191 3974 334 4037 oratorios
345 3972 404 4031 ulla
415 3993 452 4033 ex
465 3984 548 4053 parte
560 3993 607 4034 me
619 3985 809 4035 consecutum
823 3994 953 4055 sperem:
975 3975 1055 4055 quod
1068 3974 1131 4054 quis
1144 3976 1288 4037 sibiarro·

189 4079 243 4149 get
254 4067 310 4147 (his
322 4064 440 4144 quidem
454 4066 644 4147 temporibus)
659 4066 712 4126 nisi
724 4086 841 4147 prorsus
852 4087 951 4127 amore
964 4068 1008 4127 sui
1021 4066 1110 4127 nimio
1121 4078 1151 4128 et
1164 4070 1288 4129 admira·

190 4158 270 4221 tione
283 4156 444 4219 caecutiat?
459 4160 511 4219 sed
525 4160 605 4239 quod
618 4161 647 4219 in
663 4160 773 4241 optima
786 4160 966 4220 conscientia
979 4161 1074 4221 lucem
1085 4181 1143 4222 non
1158 4162 1289 4235 reformi·
1359 4194 1363 4205 ·

190 4253 241 4324 do,
256 4262 287 4311 et
300 4251 459 4321 sententias
472 4252 621 4313 sententiis
636 4252 801 4333 appendere
815 4272 928 4313 summa
941 4252 1001 4313 fide
1018 4273 1081 4313 sum
1103 4265 1235 4325 conatus,
1249 4255 1290 4314 ad

191 4364 314 4425 eamque
324 4362 387 4405 rem
398 4355 428 4403 et
436 4355 552 4426 tempus
565 4344 707 4425 (quamvis
718 4344 749 4405 id
759 4364 829 4407 saue
835 4350 914 4424 justo
928 4344 1058 4422 brevius)
1068 4358 1099 4406 et
1109 4346 1289 4429 diligentiam

189 4436 309 4504 adhibui
328 4436 493 4519 quamlieri
513 4438 608 4521 potuit
627 4438 858 4503 attentissimam.
899 4439 988 4507 Quod
1009 4438 1102 4520 ipsum
1122 4438 1153 4499 in
1167 4438 1225 4502 hoc
1237 4462 1289 4503 au·
