2984 4917
185 262 272 327 ruri
469 230 472 235 ’
519 260 778 324 urenourmr
798 260 976 322 wenni·

184 436 267 479 mum
286 416 364 479 enim
386 416 537 495 exemplos
556 416 599 475 ite
616 416 810 495 deprevatum
828 426 887 492 est,
905 427 971 475 tum
990 412 1164 475 confusione
1187 410 1291 473 deuna

186 510 329 587 odorum,
342 518 374 569 et
386 506 481 568 serbis
495 506 704 569 Demosthenis
724 508 763 567 ab
782 507 901 587 lupiani
914 506 1110 586 explicatione
1123 502 1205 564 nolle
1222 514 1298 566 nott

187 612 240 662 eut
258 600 414 675 intervallo
434 598 591 679 separetis:
613 609 676 659 tum
697 598 928 670 sutimmuteti's,
941 597 1121 667 eutedditis,
1134 606 1296 674 eut.repe,·

188 693 259 763 titis,
275 701 325 751 eut
338 690 451 753 omissis
463 689 622 761 vocabulis,
641 690 790 751 interdum
810 690 898 751 etism
910 691 981 751 totis
1000 688 1161 761 sententiis,
1175 698 1208 747 ut
1220 688 1296 747 edir-

188 804 271 847 msre
285 804 345 845 non
358 784 499 857 dubitem,
513 803 561 845 me
576 782 687 843 nullum
705 784 753 843 vel
774 782 804 842 in
818 783 936 855 Groece,
956 782 1003 845 rel
1025 783 1055 842 in
1068 782 1176 842 Latine
1194 781 1297 859 lingue

194 877 330 939 codicem
353 877 461 937 vidisse
481 879 566 959 pejus
588 886 755 936 tractatum.
795 875 913 937 Deinde
925 877 1081 951 ἐξηγήσεις,
1096 892 1169 953 ques
1182 891 1300 933 enarre·

192 972 287 1032 tiones
309 968 495 1050 interpretari
511 969 589 1041 licet,
604 969 741 1029 videntur
762 967 922 1028 orationem
940 967 1090 1047 requirere
1111 976 1295 1045 perpetuam,

193 1070 275 1139 cujus
298 1063 348 1125 hic
370 1062 480 1125 alicubi
500 1061 624 1141 vestigia
645 1061 781 1141 quedem
804 1072 966 1141 apparent:
993 1071 1027 1120 ut
1050 1058 1222 1130 existimem,
1244 1056 1297 1117 uhi

192 1158 284 1217 verbe
298 1154 508 1215 Demosthenis
528 1153 650 1213 seorsim
672 1165 829 1233 ponuntur,
844 1154 886 1214 ibi
900 1155 937 1214 ab
958 1152 1057 1231 eliquo
1075 1151 1214 1211 librorum
1234 1170 1298 1212 cor-

194 1259 323 1327 ruptore,
340 1258 372 1307 et
384 1246 548 1325 importune
570 1244 700 1305 studioso
722 1245 880 1317 brevitatis,
894 1244 1014 1325 Ulpiani
1034 1244 1125 1305 serbe
1146 1242 1298 1323 complure

194 1358 261 1401 esse
282 1348 407 1409 resecto,
429 1348 473 1397 ut,
485 1334 658 1397 scholiorum
681 1335 797 1406 sociem,
818 1356 879 1397 non
897 1339 1055 1414 ἐξηγήσεων
1068 1356 1131 1417 prae
1144 1356 1177 1396 se
1189 1336 1296 1408 ferent,

195 1441 286 1509 etque
305 1441 406 1489 sssuts
418 1428 523 1489 aliene.
565 1427 600 1487 ln
614 1429 827 1489 connectendis
846 1428 964 1509 quidem
984 1430 1107 1489 eliorum
1120 1428 1217 1490 verbis
1236 1447 1297 1489 mo·

194 1543 255 1604 gns
267 1533 313 1583 est
327 1520 499 1583 Graecorum
518 1519 652 1592 felicitas,
667 1532 775 1601 preter
789 1533 896 1582 coetere
909 1522 956 1582 vel
970 1522 1001 1580 in
1019 1522 1065 1581 his
1079 1521 1194 1581 duabus
1207 1520 1297 1600 perti-

196 1616 282 1687 culis,
296 1615 328 1675 τὸ
342 1624 372 1675 et
386 1614 425 1686 δὲ,
435 1614 538 1693 quibus
552 1632 609 1673 ceu
618 1610 768 1693 Delphico
782 1613 880 1694 gladio
890 1625 1032 1674 utunturs
1047 1634 1113 1673 eum
1127 1614 1232 1675 eedem
1240 1613 1299 1674 Le·

195 1708 259 1781 tino
273 1726 407 1769 sermone
421 1707 483 1767 sine
497 1707 591 1787 longis
601 1718 633 1767 ct
646 1708 777 1769 molestie
790 1707 962 1786 ambagibus
975 1708 1115 1789 explicari
1129 1708 1209 1768 nulls
1228 1708 1299 1769 reti·

195 1820 252 1863 one
265 1802 386 1882 possint
428 1801 500 1861 Huc
514 1801 632 1863 secedit
643 1801 852 1860 vocabulorum
866 1800 990 1861 maxime
1010 1810 1042 1861 et
1061 1801 1146 1881 copie
1159 1799 1192 1861 et
1203 1801 1298 1867 serie,-

196 1904 252 1967 tes,
267 1908 299 1956 et
311 1896 401 1975 longe
421 1894 488 1967 elie,
502 1913 590 1973 quem
604 1888 786 1966 Latinorum,
800 1893 892 1954 rstio:
913 1898 996 1969 cujus
1008 1895 1126 1974 generis
1141 1906 1220 1968 sunt,
1232 1905 1299 1957 ute
1384 1884 1387 1889 ¹
1481 1927 1482 1944 r

197 1988 296 2048 multis
310 2006 405 2067 peuce
418 1987 556 2058 delibem,
575 1986 738 2067 κεφάλαιον,
751 1990 787 2047 τὰ
799 1988 851 2047 ἀπ’
863 1989 956 2068 ἀρχῆς
975 1990 1043 2070 ἄχρι
1062 1994 1174 2068 τέλους,
1184 1998 1299 2068 σημεῖα,

197 2085 301 2153 εἰκότα,
316 2082 458 2160 τεκμήρια,
474 2082 654 2150 ἀντιπῖπτον,
668 2078 824 2153 ἀντίθεσις,
844 2080 1040 2162 ἀνθπορορὰ,
1062 2082 1217 2158 σιἰγκρισις,
1230 2086 1300 2144 ἀντ·

200 2179 335 2246 εξέτασις,
358 2171 526 2263 παράθεσις,
550 2170 808 2251 ἅντιπαρόστασις,
838 2173 982 2245 ἔνστασις,
1010 2177 1189 2246 ἀντίστασις,
1214 2176 1302 2236 κατά·

162 2286 165 2315 2
198 2290 312 2337 στασις,
326 2271 561 2345 τροκατάστασις,
575 2266 719 2345 ἔκφροσις,
739 2264 878 2340 decessus),
898 2267 1076 2338 διατύπωσις,
1095 2270 1301 2343 ἀποσιώπησις,

200 2358 402 2429 ὑποσιώτησις,
420 2360 574 2437 ἀναίρεσις,
592 2359 762 2430 α’τόστασις,
785 2362 942 2441 ἅνατροτι),
957 2364 1117 2442 τεριτροπ),
1132 2364 1300 2436 spheris-qe,

198 2451 332 2522 σοσότης,
353 2444 488 2527 μέγεθος,
503 2448 620 2520 εἴσοδος,
638 2448 769 2525 εἰσβολὴ,
784 2454 946 2533 εἰσαγωγὴ,
964 2458 1184 2531 τροκαταστεοι),
1202 2454 1303 2536 προθο-

198 2548 312 2620 porcio,
336 2538 551 2621 τροδιόρὲιοσις,
575 2540 726 2621 συνδρομὴ,
750 2544 912 2625 τεριδρομὴ,
938 2552 1129 2630 συγχώρησις,
1154 2546 1302 2620 σύστασις,

199 2633 379 2715 ἐπιχείρημα,
390 2632 537 2705 ἀπόδειξις,
552 2631 684 2714 ἔλεγχος,
698 2633 857 2715 ἐνθύμημα,
872 2640 974 2716 νόημα,
987 2640 1094 2711 ἔννοια,
1107 2649 1138 2697 et
1150 2638 1208 2698 ulie
1220 2658 1302 2699 com·

200 2725 295 2805 plura.
311 2744 368 2786 neo
380 2724 458 2785 enim
478 2722 576 2785 omnis
594 2744 751 2787 recensere
771 2728 891 2789 institui.
929 2730 998 2790 deur
1012 2730 1083 2809 quid
1096 2730 1189 2791 facies
1202 2731 1302 2791 inillis

200 2817 364 2896 adjectivis,
387 2816 495 2891 ἠθικὸν,
515 2816 681 2893 παθητικὸν,
703 2822 911 2902 τραγματιιῴν,
927 2826 1191 2903 τροταταστατικὸν,
1206 2849 1302 2885 soret·

200 2911 286 2985 τικὸν,
301 2910 506 2982 ἅντιστατικὸν,
520 2910 692 2987 ἕτιλνγικόν,
705 2916 898 2995 ιτροοιμιααὸν,
913 2916 1155 2997 ἅτροσδιόριστον,
1169 2927 1258 2996 etque
1270 2916 1304 2977 id

201 3022 296 3083 genus
309 3004 380 3075 eliis,
394 3022 461 3081 quoe
476 3003 624 3081 quomodo
645 3005 838 3084 explicentur,
859 3008 914 3067 nisi
928 3019 981 3067 eut
994 3008 1158 3087 improprie,
1171 3020 1223 3068 sut
1235 3012 1303 3079 ber·

150 3096 152 3101 ’
200 3096 283 3165 bere,
294 3104 346 3153 eut
358 3093 454 3171 longis
467 3093 622 3152 verborum
636 3097 818 3174 ambagibus,
833 3099 970 3176 equidem
983 3118 1043 3157 non
1056 3099 1190 3176 reperio:
1212 3112 1245 3160 ut
1258 3102 1304 3163 ni·

201 3184 244 3243 hil
258 3185 363 3252 dicem,
383 3203 421 3244 ee
440 3194 591 3263 precepta
614 3186 728 3259 artium,
743 3208 810 3267 quos
832 3199 952 3251 secutus
965 3200 1010 3248 est
1025 3189 1180 3267 Ulpianus,
1194 3192 1237 3251 its
1249 3196 1303 3254 eh·

202 3277 322 3337 horrere
343 3276 381 3336 eh
402 3294 438 3336 ee
458 3285 489 3336 et
503 3275 676 3336 Grecorum
697 3290 727 3339 et
741 3279 914 3339 Latinorum
929 3281 1071 3351 doctrine,
1085 3300 1158 3359 quos
1170 3283 1259 3346 hodie
1273 3288 1304 3348 in

201 3367 310 3428 scholis
330 3368 459 3447 plerique
479 3379 650 3447 sequuntur,
666 3381 699 3429 ut
718 3390 797 3451 saepe
818 3370 935 3433 difficile
956 3372 994 3432 sit
1013 3372 1152 3446 divinare,
1165 3376 1236 3455 quid
1248 3378 1304 3440 sthi

96 3484 104 3500 ·
202 3461 284 3521 velit.
311 3462 389 3520 Herc
402 3471 433 3519 et
446 3460 531 3537 hujus
545 3462 661 3539 generis
674 3463 731 3523 elie
744 3464 932 3524 incommode
944 3484 1013 3525 cum
1026 3467 1165 3526 attentius
1178 3452 1308 3550 perpenss

203 3554 315 3625 desem,
330 3572 433 3633 perum
447 3552 557 3625 abfuit„
567 3554 637 3631 quin
655 3565 751 3614 totum
771 3556 931 3635 Ulpianum
945 3557 1121 3630 desererem,
1136 3560 1227 3640 ipsius
1241 3564 1304 3623 De·

201 3646 361 3706 mosthenis
377 3646 565 3705 oonverslone
583 3656 747 3707 contentus.
790 3646 851 3707 Sed
869 3668 959 3728 quum
972 3650 1097 3711 oliorum
1111 3654 1305 3731 complurium
1406 3670 1424 3685 ·

194 3737 298 3805 ¹,editos
310 3737 341 3796 in
352 3737 583 3797 Demosthenem
597 3740 828 3811 commentarios,
840 3741 889 3818 qui
903 3762 982 3825 saepe
995 3744 1026 3802 in
1038 3744 1095 3805 hoc
1105 3765 1195 3825 opere
1209 3748 1304 3808 citon-

203 3840 271 3889 tur:
291 3829 453 3905 cujusmodi
469 3838 536 3888 sunt
547 3829 667 3908 Apsinis
681 3830 842 3903 Genethld,
858 3834 1027 3914 AEsculspii,
1040 3838 1215 3912 Alexendri,
1230 3840 1306 3901 Dio·

201 3921 273 3993 oori,
298 3922 434 3993 Zenonis,
461 3922 590 4000 Aspesii,
614 3932 645 3981 et
668 3921 801 3994 eliorum,
827 3943 845 3986 e
869 3926 973 4004 quibus
995 3928 1087 3988 mults
1100 3930 1130 3988 in
1143 3930 1304 4011 Ulpianum

203 4013 344 4077 menslete
364 4032 430 4073 esse
451 4013 600 4093 suspicor:
622 4025 654 4096 gt
666 4014 729 4095 ipse
745 4017 888 4096 Ulpianus
912 4032 1016 4099 quarte
1037 4022 1210 4103 Philippico,
1233 4029 1304 4101 ταδ’,

204 4104 308 4185 inquit,
329 4108 360 4166 iv
373 4111 480 4173 τούτοις
499 4109 596 4187 ἀσαφῆ
618 4110 850 4185 ποραστήσονσιν
869 4112 896 4171 oi
913 4114 1047 4187 ἐξηγηταί
1056 4133 1065 4173 t
1087 4114 1118 4175 et
1130 4116 1305 4180 irroratione

203 4200 242 4259 de
256 4198 368 4259 foedere
382 4196 584 4271 Alexmdrw,
603 4204 651 4260 οὐκ
665 4203 744 4261 ἔστιν
757 4201 873 4274 ἄδηλον,
895 4203 999 4283 inquit,
1021 4214 1081 4275 τοῖς
1103 4210 1304 4289 φιλομαθέσιν,

202 4294 232 4364 ἕξ
250 4288 291 4351 ὦν
308 4290 500 4368 ἀνι-γούνασιν
522 4297 745 4373 ὕτορνημάτιονῑ
768 4314 819 4355 ebe
840 4296 930 4375 igitur
952 4316 1055 4358 omnes
1078 4305 1304 4367 commentarios

202 4402 268 4445 cum
282 4396 398 4465 tempus
410 4383 579 4457 sboleserit,
595 4396 624 4445 et
646 4386 714 4445 huic
736 4386 784 4446 uri
805 4388 915 4447 mmdiu
936 4391 1111 4469 pepercerit,
1135 4394 1203 4479 (etsi
1224 4398 1303 4458 enim
