2984 4917
190 292 289 354 ccxxii
444 293 618 358 STOCKII
639 295 861 362 PRAEFATT.
883 300 945 362 AD
965 300 1074 364 DEM.

188 446 312 526 primam
327 456 358 506 et
371 456 431 508 tres
446 447 638 529 Olynthiacas
652 451 823 516 nitidissime
836 453 940 524 edidit.
980 456 1168 535 Argumenta
1178 455 1212 516 in
1225 476 1293 519 cra·

188 537 284 598 tiones
298 538 387 598 hasce
401 551 526 618 quatuor
539 543 664 621 priores,
678 564 744 623 quse
757 544 807 604 ilie
821 565 859 605 ex
878 547 1029 609 Taureiiio
1042 547 1182 620 reddidit,
1202 549 1291 618 intere

188 630 349 710 pretationi
363 631 432 692 huic
446 645 552 692 nostum
574 635 737 706 accedunt;
758 646 789 695 et
812 636 947 718 exemplo
968 639 1081 713 moniti,
1100 641 1213 719 reliqua
1234 639 1291 720 ipsi

187 722 396 803 supplevimus.
438 724 475 782 In
488 724 585 797 Notis,
595 726 696 788 habita
708 739 755 788 est
767 729 917 790 brevitatis
930 731 1015 790 ratio.
1055 733 1201 811 Quicquid
1210 733 1290 794 Geo-

187 814 348 894 graphiam,
369 814 508 895 quicquid
523 816 760 898 Archoeologiam
780 832 904 899 spectet,
923 821 1062 900 quioquid
1081 824 1208 903 denique
1230 825 1288 884 Hi·

187 907 307 966 storiam
328 906 490 986 perlegenti
508 909 602 989 primo
625 910 729 970 intuitu
747 932 781 972 se
804 915 927 993 prabet,
946 926 998 974 aut
1020 916 1211 993 preterimus,
1235 927 1288 977 aut

186 998 302 1078 parcius
321 998 501 1078 attingimus.
550 1001 791 1082 Haudquaquam
813 1006 923 1065 etenim
945 1007 1086 1085 suspicari
1103 1009 1150 1068 fes
1163 1020 1219 1080 est,
1233 1029 1286 1070 vos

185 1093 276 1154 hasce
290 1089 449 1152 Orationes
469 1091 608 1167 adituros,
629 1095 684 1155 nisi
705 1096 752 1155 his
770 1099 858 1163 rebus
878 1099 1012 1160 omnibns
1030 1099 1147 1179 penitus
1166 1120 1286 1180 perape-⁴

184 1187 249 1246 etis.

225 1278 304 1338 Haec
327 1287 404 1349 sunt,
426 1297 493 1355 quoe
513 1276 596 1336 vobis
619 1282 828 1358 praemonenda
849 1282 1023 1361 putavimus.
1075 1283 1164 1350 Quod
1176 1283 1201 1343 si
1213 1283 1284 1362 quid

183 1371 276 1430 oeulis
288 1369 394 1428 nostris
407 1389 440 1429 se
454 1367 632 1442 subduxerit,
648 1381 699 1434 aut
720 1373 745 1432 si
758 1372 828 1454 quid
841 1373 905 1434 ansi
918 1372 1008 1434 simus
1020 1371 1175 1450 infelicius,
1188 1375 1220 1436 id
1233 1377 1284 1436 ba·

179 1461 274 1541 origne
288 1460 470 1524 condonetis.
512 1461 629 1524 Valere.

655 1829 811 1890 IlSDEM

518 2021 559 2098 S.
581 2019 633 2098 D.
683 2021 721 2096 J.
749 2018 948 2098 STOCK.

221 2223 311 2287 Qum
331 2222 361 2280 in
375 2222 432 2282 hac
445 2223 538 2284 altera
552 2221 690 2282 Editione
703 2221 866 2301 prestitum
885 2221 933 2294 sit,
947 2221 1078 2284 Juvenes
1092 2221 1278 2296 Academici,

178 2315 279 2392 patrois
302 2316 436 2395 accipite.
478 2316 589 2389 Grmea
599 2335 639 2376 ex
654 2315 840 2374 Editimibus
850 2314 971 2376 Venetis
992 2315 1064 2374 Aldi
1086 2327 1118 2374 et
1140 2315 1278 2398 Felicitani

179 2426 248 2466 curn
261 2406 392 2468 Parisina
403 2408 547 2469 Benenati
561 2408 673 2469 collatis
687 2407 878 2468 excuduntur.
906 2408 1110 2487 Interpretatio
1119 2407 1276 2482 Wolfiana,

178 2499 315 2560 adhibitis
333 2501 522 2563 Versionibus
547 2501 664 2561 Nicolai
689 2500 783 2574 Carri,
807 2500 1007 2578 Lucchesinii,
1029 2511 1061 2560 et
1084 2498 1220 2572 aliorum,
1233 2501 1277 2561 ita

176 2591 275 2652 multis
288 2593 317 2652 in
337 2592 410 2654 locis
431 2594 615 2664 emendatur,
638 2605 671 2652 ut
688 2598 751 2668 jam
770 2593 852 2672 quasi
873 2613 949 2653 nova
968 2592 1101 2653 exsistat.
1141 2593 1276 2654 Priorum

175 2683 329 2745 Editorum
351 2686 594 2747 Annotationibus
618 2705 724 2766 pauca,
745 2705 812 2764 quae
834 2685 937 2745 deesse
962 2685 1147 2759 videbantur,
1160 2687 1276 2764 adjeci;

175 2797 241 2856 quus
261 2777 401 2839 asterisco
414 2779 538 2858 signata,
559 2788 589 2838 et
602 2779 688 2838 litera
703 2778 723 2837 S
738 2777 912 2857 subscripta,
932 2777 1031 2837 statim
1050 2797 1116 2838 sese
1135 2779 1275 2857 produnt.

175 2869 389 2930 Annotationes
409 2873 534 2951 denique
556 2891 657 2932 omnes
678 2870 916 2949 interpretationi
936 2869 1137 2946 subjiciuntur,
1152 2871 1274 2932 Gracc·

173 2981 237 3022 rum
250 2963 422 3041 paginarum
436 2964 536 3024 titulos
550 2984 612 3043 prm
633 2983 665 3024 se
678 2963 826 3022 ferentes:
847 2963 1092 3040 quemadmodum
1114 2983 1208 3042 nuper
1228 2964 1272 3024 sa·

173 3065 251 3114 ctum
271 3067 317 3115 est
338 3075 404 3114 cum
419 3056 566 3117 AEschinis
584 3067 615 3116 et
629 3055 838 3115 Demosthenis
850 3055 1006 3116 Orationes
1026 3056 1064 3114 de
1084 3057 1202 3116 Corona
1221 3057 1274 3116 ad·

173 3149 313 3208 vetrarias
327 3148 404 3229 typis
418 3150 562 3210 mandavi.
605 3149 684 3209 Data
698 3149 776 3208 enim
799 3167 890 3227 opera
902 3161 959 3220 est,
972 3160 1006 3208 ut
1018 3149 1096 3208 bine
1109 3149 1174 3208 ista
1188 3149 1272 3230 qnasi

174 3241 309 3302 coaleant
324 3241 493 3313 Editiones;
513 3263 571 3322 qno
585 3241 839 3322 praestantissimae,
854 3241 1034 3321 plurimoque
1048 3242 1198 3302 hominum
1211 3261 1273 3303 ser·

172 3343 260 3394 tnone
274 3335 442 3408 celebrata,
459 3335 665 3396 Demosthenis
681 3334 839 3394 Orationes
860 3353 919 3394 uno
940 3336 1023 3394 robis
1043 3335 1151 3394 intuitu
1171 3335 1270 3413 suhja-

104 3465 108 3487 ι
174 3438 271 3488 ceant.
324 3427 567 3510 Olynthiacarum
590 3427 731 3497 ordinem,
754 3445 841 3506 quem
862 3437 1001 3486 monente
1023 3427 1167 3507 Dionysio
1185 3429 1270 3490 Hui·

170 3525 335 3593 carnasseo,
350 3523 459 3601 priores
479 3521 573 3581 secuti
593 3531 660 3582 sunt
675 3519 823 3590 Editores,
841 3539 901 3580 non
922 3538 988 3580 esse
1008 3519 1180 3580 mutandum
1199 3541 1269 3580 cen·

171 3615 234 3674 sui:
255 3614 322 3693 quia
343 3613 422 3674 haud
443 3613 543 3692 magni
563 3633 633 3674 sane
653 3613 794 3672 momenti
814 3633 861 3674 res
885 3623 942 3683 est,
964 3631 1032 3672 cum
1046 3630 1149 3672 omnes
1163 3614 1269 3674 eodem

170 3711 247 3768 'anno
262 3707 454 3787 Olynthiacas
467 3707 582 3766 habitas
596 3707 685 3766 fuisse
700 3717 835 3777 constet;
858 3717 890 3765 et
908 3705 1071 3766 secundum
1091 3704 1171 3765 huno
1190 3707 1268 3766 ordi·

170 3821 237 3862 nem
251 3800 350 3860 citavit
364 3819 414 3860 eas
429 3799 471 3859 vir
485 3800 603 3860 doctiss.
618 3799 716 3880 deque
736 3819 769 3860 re
791 3800 920 3859 literaria
938 3799 1049 3879 optime
1072 3797 1195 3859 meritus
1207 3799 1268 3858 Le·

168 3894 281 3964 landus,
293 3893 322 3950 in
336 3911 424 3971 opere
438 3911 501 3964 suo,
516 3893 747 3954 Demosthenem
760 3893 928 3972 legentibus
942 3892 1076 3973 apprime
1087 3894 1267 3968 necessario,

169 3986 240 4046 vira
252 3983 376 4066 Philippi
391 3985 493 4065 Regis.
