2984 4917
439 347 442 355 '
506 338 570 401 AD
590 338 943 406 DEMOSTHENEM.
1173 364 1273 417 erm

166 492 259 572 minis,
282 492 390 574 partim
415 492 649 557 ob-vststuttnls
669 492 878 570 infirmitatem,
898 497 1025 559 mlutem
1044 494 1116 577 fuga
1137 500 1273 561 consulit.

169 587 238 669 [Sic
252 586 340 648 claris
353 586 446 649 literis
459 588 557 649 inveni
570 584 751 673 exaratum]
765 590 912 654 nonnullis
925 590 1055 662 consciis,
1067 590 1214 651 nonnullis
1225 591 1275 650 fu·

168 702 236 761 gam
250 680 465 757 adjuvantibus.
500 680 652 741 Prosecuti
662 681 755 743 cirea
785 682 942 744 Viatieum.
972 684 1022 743 18.
1036 703 1075 744 an
1089 683 1128 744 D.
1142 683 1273 746 dietum:

168 773 218 854 qui
238 772 351 854 possim
373 791 435 833 non
455 770 584 852 graviter
602 772 680 833 ferre
701 784 763 835 ete.
804 773 834 833 0
847 776 966 835 domina
979 775 1170 837 Minerra-
1183 776 1275 837 trium

169 866 282 939 bestiis,
297 864 429 940 Noctua,
437 864 575 926 Dracone
584 875 614 925 et
625 867 751 946 Populo.
778 866 889 928 Goltaii
899 869 1083 930 Numismata
1096 895 1151 931 rur
1160 870 1274 943 Atera.

169 962 237 1040 lege
257 958 435 1033 'Aburnium
458 958 561 1020 Exsul.
584 958 711 1019 Pausan.
733 960 868 1021 Corinth.
887 982 918 1041 p.
942 966 1010 1023 148.
1046 962 1186 1023 Exsilium
1208 962 1275 1023 tulit

171 1053 269 1115 animo
281 1052 439 1113 imbecillo.
481 1051 587 1129 AEgina
604 1062 635 1111 et
653 1051 799 1113 Troeaene
817 1052 924 1114 sedens
946 1054 1073 1114 Atticam
1087 1074 1168 1135 sape
1184 1056 1277 1136 lacry-

171 1165 254 1207 mans
264 1144 465 1225 inspectabat.
507 1144 579 1214 Eos,
595 1143 644 1224 qui
655 1144 800 1216 visebant,
815 1146 972 1205 absterruit
985 1166 1003 1207 a
1019 1166 1082 1225 rep.
1124 1146 1156 1206 Si
1169 1166 1275 1227 propo·

170 1240 232 1300 aitis
246 1239 363 1297 duabus
378 1237 429 1297 viis
443 1247 501 1299 etc.
522 1237 673 1297 Plutarch.
690 1237 774 1298 Stob.
788 1257 875 1297 serm.
889 1243 940 1299 48.
964 1238 1015 1299 Ad
1028 1249 1159 1300 senatum
1174 1240 1274 1300 literas

171 1332 273 1393 scribit
286 1330 413 1390 raditum
428 1330 586 1410 postulans.
602 1330 754 1391 Plutarch.
767 1330 797 1390 in
811 1332 881 1391 Vita
893 1342 925 1391 et
938 1331 977 1392 de
991 1332 1030 1393 X.
1039 1352 1082 1393 or.
1098 1344 1129 1394 et
1142 1358 1175 1395 π.
1189 1331 1275 1393 law

171 1426 251 1499 siue.
273 1420 401 1483 Pausan.
424 1422 560 1484 Corinth.
583 1422 673 1483 Diod.
697 1423 757 1484 sic.
778 1423 903 1503 Dionys.
925 1424 1025 1509 Halia.
1047 1414 1187 1487 Dinarch.
1208 1425 1274 1485 ads.

175 1516 264 1575 Dem.
279 1515 369 1577 Phot.
382 1536 413 1596 p.
425 1520 496 1577 808.
511 1514 635 1576 Hellad.
648 1536 679 1595 p.
688 1519 759 1580 878.
776 1515 887 1576 Athen.
900 1516 920 1577 l.
933 1523 963 1581 6.
979 1518 1077 1579 Aliter
1091 1519 1205 1579 Gellius
1218 1518 1274 1579 XI.

176 1612 208 1670 9.
222 1627 261 1667 ex
273 1607 411 1669 Critolao.
432 1609 624 1668 Deurootlteois
637 1608 779 1685 Epistola.

216 1700 332 1761 cx111.
343 1706 373 1762 8.
384 1712 434 1761 ert.
449 1700 488 1762 D.
499 1704 550 1763 56.
572 1700 690 1763 Bellum
700 1700 882 1764 Lamiacum.
897 1701 1023 1766 Patrono.
1035 1725 1063 1784 p.
1076 1710 1147 1767 415.
1159 1704 1275 1764 Meum.
1350 1706 1353 1712 “

175 1796 240 1855 Att.
254 1794 343 1855 Lect.
358 1793 414 1855 1v.
427 1800 458 1856 4.

215 1886 338 1968 Olymp.
360 1885 513 1948 cx1V.1.
541 1899 588 1947 oet.
612 1886 651 1947 D.
665 1890 715 1951 57.
748 1887 834 1948 Mors
849 1886 1023 1949 Alexandri.
1039 1899 1111 1969 quot
1124 1908 1214 1949 annos
1228 1907 1275 1950 re·

175 1983 285 2063 poerit,
304 1981 388 2055 vixit,
405 2000 500 2062 genus
514 1982 623 2041 mortis.
657 1981 804 2042 Schottus.
825 1982 889 2042 Res
908 1982 1112 2043 Demosthenis
1132 1981 1275 2063 praeclare

176 2089 278 2157 geste.
293 2075 418 2150 Lumen.
431 2075 507 2137 Ena.
518 2075 557 2135 D.
567 2076 718 2136 Plutarch.
729 2076 980 2157 Apophth.p.,l7.
991 2076 1138 2157 Leopard.
1150 2074 1276 2134 Emend.

177 2169 245 2230 XV.
259 2174 290 2231 9.
322 2168 426 2248 Imago
440 2171 504 2245 ejus
519 2167 613 2229 Piraei.
629 2168 755 2228 Pausan.
770 2168 884 2228 Meurs.
899 2170 930 2229 in
945 2167 1056 2230 Piraeeo
1069 2190 1098 2231 e.
1110 2171 1141 2235 ’1.
1160 2166 1276 2229 obsidet
1317 2167 1320 2171 ’

177 2262 369 2342 Antipatrum
381 2260 504 2320 Lamiae.
544 2258 581 2319 In
600 2259 681 2321 ballo
695 2258 845 2332 Lamiuco,
865 2280 934 2322 cum
955 2262 1108 2342 Antipater
1125 2260 1201 2336 intra
1216 2259 1276 2320 La·

177 2355 263 2415 miaru
276 2374 296 2413 a
317 2352 432 2413 Grecis
453 2352 607 2413 conclusus
628 2362 716 2423 esset,
740 2351 953 2414 Demosthenes
967 2355 1050 2427 dixit,
1069 2374 1129 2415 non
1150 2353 1276 2415 eandem

176 2448 231 2507 sibi
244 2466 311 2508 esse
324 2446 508 2517 sarmatiam,
523 2464 559 2505 ac
573 2444 815 2516 Atheniemibus,
824 2446 875 2525 qui
887 2448 926 2508 ob
939 2447 1018 2509 hune
1027 2448 1128 2509 letum
1138 2446 1277 2507 nuncium

178 2538 391 2600 sacrificabant.
431 2536 509 2598 Novi
523 2537 612 2610 enim,
626 2535 727 2617 inquit,
742 2538 864 2598 Graeca
875 2539 1001 2601 stadium
1012 2560 1144 2620 pugnare
1158 2551 1190 2600 et
1201 2538 1279 2599 scire

179 2644 210 2694 et
221 2650 320 2713 posse,
337 2630 484 2691 Dolichon
499 2641 596 2691 autem
612 2650 671 2689 non
684 2630 767 2691 item.
788 2630 867 2692 Plut.
888 2632 919 2691 in
931 2634 970 2693 X.
992 2645 1065 2693 orat.
1085 2632 1180 2693 simile
1200 2630 1280 2691 Pho·

180 2726 268 2787 cionir
291 2724 369 2785 Plut.
390 2723 535 2803 Praecept.
556 2722 644 2784 Polit.
658 2743 688 2803 p.
706 2728 776 2785 888.
790 2724 841 2784 lin.
877 2726 1070 2797 Demotionis,
1087 2724 1278 2805 Areopagita-

180 2840 244 2879 rum
268 2816 419 2900 principis‚
442 2816 503 2877 lilia
522 2816 614 2895 virgo,
637 2816 738 2879 audito
758 2818 856 2896 spousi
880 2817 1056 2878 Leosthenis
1078 2818 1210 2887 interitu·
1228 2816 1279 2895 qui

180 2912 289 2971 bellum
303 2910 476 2971 Lamiacum
490 2908 663 2979 concitarat,
678 2928 710 2968 se
724 2908 873 2969 interfecit
891 2928 1034 2982 asserens,
1048 2928 1222 2989 quamquam
1235 2910 1281 2967 in·
1340 2952 1343 2957 .

183 3014 263 3079 tacta
276 3012 354 3063 esset
364 3021 497 3082 corpore,
511 3013 619 3075 mman,
635 3000 660 3059 si
674 3001 798 3061 alterum
812 3001 946 3081 accipere
959 3014 1125 3083 cogeretur,
1138 3002 1219 3083 quasi
1233 3018 1281 3061 se·

185 3093 312 3155 cundum
332 3094 491 3173 acciperet,
513 3112 580 3153 cunr
602 3092 690 3173 priori
710 3104 809 3155 mente
829 3094 984 3174 nupsisset.
1026 3096 1198 3178 Hieronym.
1213 3098 1282 3159 adv.

185 3186 331 3251 lorinian.
345 3187 366 3248 l.
382 3191 411 3247 l.
433 3184 561 3267 Pytheas
580 3198 611 3247 et
625 3186 789 3249 Callimedo
804 3188 946 3248 Carebus.
988 3189 1151 3251 Hortantur
1170 3211 1284 3271 grecas

182 3282 316 3341 austes
341 3278 410 3339 utne
433 3279 522 3359 regau
544 3279 703 3360 Auspice,
728 3279 797 3340 rnre
820 3280 1027 3342 loeutus...
1068 3270 1283 3346 nemorum

184 3385 246 3435 tum
266 3372 353 3433 exsul
374 3372 483 3435 reslatit
504 3372 635 3453 Pytheoe.
668 3372 768 3453 Pytho
782 3372 942 3452 Byzantius
955 3374 1062 3436 rhetor.
1078 3381 1176 3459 πολλῷ
1190 3381 1285 3459 ῥέοντι

184 3500 224 3514 -
239 3466 328 3525 Dem.
343 3464 415 3544 ipse.
431 3465 510 3525 Plut.
531 3464 561 3523 irr
579 3484 607 3523 r.
629 3466 715 3525 Dem.
739 3465 847 3524 Sextus
867 3466 979 3544 Empir.
992 3488 1022 3545 p.
1041 3472 1112 3534 297.
1126 3471 1175 3530 ed.
1197 3471 1285 3531 Febr.

186 3557 292 3619 Treta.
308 3556 448 3618 Chil.Vl.
461 3562 510 3618 88.
523 3555 623 3617 Olear.
634 3558 673 3617 ad
688 3556 824 3617 Philostr.
835 3578 866 3637 p.
876 3562 946 3620 283.
962 3560 1049 3622 Voss.
1065 3562 1105 3623 de
1118 3562 1189 3624 Nat.
1204 3564 1287 3623 Rhe·

186 3664 242 3712 tor.
253 3670 285 3731 p.
296 3654 348 3710 81.
376 3650 481 3709 AElian.
493 3650 530 3711 V.
542 3649 585 3710 H.
600 3649 683 3709 XlV.
693 3653 742 3710 28.
757 3649 841 3709 Phot.
855 3651 923 3711 cod.
933 3656 1004 3714 841.
1022 3654 1154 3716 Demetr.
1168 3656 1285 3719 Phaler.

186 3764 213 3806 c.
228 3750 280 3807 80.
301 3754 333 3802 et
350 3748 421 3804 886.
444 3742 508 3803 Lac
531 3742 696 3802 Asininum.
728 3742 889 3803 Decretum
914 3745 954 3805 de
977 3747 1178 3809 Demosthene
1201 3749 1288 3810 redu·

186 3838 294 3899 cende.
335 3832 406 3896 Eiuro
421 3835 519 3896 Demo
533 3835 722 3895 PreanIensis.
759 3836 854 3897 Missa
866 3836 977 3898 triremi
991 3853 1154 3904 revocatur.
1187 3844 1288 3905 Effusa

186 3931 275 3991 turba
283 3927 438 4008 excipitur.
480 3928 654 3989 Praeclsrior
666 3927 788 4002 reditus,
798 3948 887 4009 quam
897 3930 1068 4004 Alcibiadis,
1080 3935 1150 4014 quia
1159 3938 1289 4019 populus

188 4032 296 4103 sponte
306 4020 464 4083 revocavit.
487 4021 605 4081 Mulcte
619 4019 777 4083 districtus.
808 4022 897 4083 Elusa
910 4023 971 4083 lex.
991 4026 1078 4086 Jovis
1089 4028 1216 4108 Europos
1230 4048 1288 4092 ara.

189 4116 303 4177 Munus
314 4116 402 4175 Dem.
418 4115 545 4175 locatum
556 4114 593 4175 L.
603 4114 731 4187 talentis,
742 4116 842 4196 quanti
852 4116 916 4177 scil.
931 4118 959 4177 ei
972 4119 1008 4179 lis
1022 4120 1119 4182 fuerat
1131 4125 1287 4185 asthmata.

189 4209 269 4270 Plut.
284 4207 373 4268 Phot.
396 4204 521 4268 Raditur
542 4208 759 4270 Demosthenis.
778 4208 887 4269 Jusun.
902 4209 991 4271 XIll.
1004 4217 1035 4273 5.
1056 4215 1145 4275 Diod.
1163 4216 1222 4287 stc,
1245 4236 1291 4279 re·

188 4301 262 4363 ‹liise
276 4302 318 4361 ait
331 4320 409 4361 anno
422 4300 567 4382 proximo.
1283 4360 1291 4375 ι

193 4454 195 4459 ,
230 4393 343 4455 CXIV.
365 4399 394 4455 8.
435 4404 483 4453 aet.
498 4395 587 4454 Dam.
600 4398 651 4457 59.
683 4393 774 4466 Obiit,
796 4395 902 4456 eodem
921 4416 998 4457 anuo
1024 4416 1082 4477 quo
1104 4398 1292 4469 Aristoteles.

191 4486 346 4551 Luem-V.
363 4492 410 4549 10.
426 4487 455 4549 in
470 4486 902 4569 Aristot.NB.annoproximo
916 4490 1083 4551 Menander
1096 4490 1226 4559 sabulum
1239 4496 1293 4557 do-
1395 4518 1402 4531 *
1473 4471 1474 4512 ³
