2984 4917
490 322 552 385 An
574 324 926 391 DEMOSTHENEM.
1181 330 1270 392 cxlvii

165 444 301 558 tempore
312 486 381 558 post
394 487 481 539 natus
495 490 543 541 est
554 483 618 560 ejus
633 482 740 543 edendi
751 492 882 556 oonatus,
896 482 948 563 qni
961 480 986 542 si
998 501 1056 543 non
1070 481 1271 554 omniuonihil

164 570 321 651 expedisse
333 570 490 641 uidebitur,
500 582 533 633 nt
543 573 582 633 de
593 594 626 633 re
634 574 677 635 sie
687 575 758 637 estis
767 575 930 647 commode,
941 575 1018 635 inter
1029 585 1075 635 tot
1083 571 1270 643 incommoda

161 662 396 733 circumstantia,
412 674 496 742 gesta
509 664 682 726 iaetabimnr.
724 668 769 729 Ut
781 668 878 728 brevis
891 667 955 741 sim,
969 687 1054 747 egem
1063 668 1141 747 quod
1154 680 1268 747 potero,

162 774 230 817 uum
252 774 355 836 neque
375 755 455 835 quod
474 756 562 816 velim
584 768 615 817 et
635 770 775 831 assertor,
792 778 889 839 neque
911 759 990 838 qood
1013 759 1216 820 assectandum
1236 772 1268 821 et

160 846 362 928 prestandum
375 848 473 920 video,
488 869 660 930 consequar.
702 850 802 911 Missis
816 852 903 931 igitur
914 850 976 911 eliis
990 852 1123 911 omnibus
1136 851 1167 910 id
1176 872 1266 912 unum

160 940 220 999 bau
237 958 326 1018 egem
346 937 529 1019 praefatione,
549 952 582 1001 nt
599 942 697 1004 fontes
719 942 895 1003 emendsndi
910 942 1129 1013 Demosthenis,
1146 953 1177 1003 et
1195 963 1268 1024 quo·

161 1031 252 1091 modo
272 1030 310 1089 iis
329 1030 383 1089 aim
396 1050 475 1104 usus,
496 1033 701 1095 demonstrem.
744 1034 875 1095 Primum
893 1035 991 1114 itaque
1011 1034 1049 1094 de
1063 1034 1143 1094 libris
1157 1035 1267 1095 Demo·

161 1122 301 1184 athenicis
315 1134 453 1203 typorum
473 1124 617 1185 beneficio
631 1126 758 1205 vulgatis
771 1127 928 1206 (editiones
937 1126 1027 1204 vulgo
1041 1128 1191 1205 usurpant)
1208 1128 1266 1187 dis·

160 1217 285 1297 putsbo,
299 1226 361 1275 tum
381 1216 419 1275 de
442 1217 592 1279 codicibus
612 1218 726 1279 calamo
745 1218 880 1288 exaratis,
894 1216 998 1296 quibus
1017 1218 1145 1279 editores
1158 1218 1266 1298 quique

161 1307 222 1383 suis
234 1307 265 1368 in
278 1305 456 1370 editionibus
469 1309 644 1370 adornandis
658 1309 794 1388 naisum,
808 1310 935 1389 denique
948 1308 1017 1389 qnid
1031 1330 1049 1371 a
1067 1330 1114 1371 me
1133 1310 1201 1372 nori
1215 1311 1267 1372 ds·

161 1400 240 1462 coris
253 1400 382 1461 adhunc
391 1411 519 1465 nuruum
529 1401 687 1465 editionem
698 1402 839 1468 sonuum
847 1401 896 1477 sit,
906 1419 1063 1482 exponam.

613 1696 741 1763 SEcT.
763 1696 815 1765 II.

461 1885 508 1944 De
518 1885 635 1945 editione
649 1882 843 1945 Demosthenis
855 1834 969 1945 Aldine:

201 2067 321 2127 Annus
335 2082 441 2147 nempe
450 2064 620 2136 Manutius,
634 2066 719 2145 peter
731 2067 814 2145 quasi
827 2066 953 2147 quidem,
971 2077 1002 2127 et
1019 2066 1145 2128 nutritor
1158 2085 1264 2146 mese

157 2156 331 2230 literaturae,
345 2158 374 2217 in
390 2157 462 2229 aliis,
473 2177 545 2237 quos
559 2158 666 2218 multos
680 2178 698 2218 e
712 2160 771 2219 situ
783 2170 816 2219 et
827 2160 957 2221 tenebris
970 2160 1212 2236 bibliothecarum
1232 2159 1273 2220 in.

158 2248 258 2309 lucem
268 2250 417 2329 publicam
428 2250 581 2330 prorrexit,
593 2250 759 2312 auctoribus
771 2253 875 2331 ffloeeis
884 2252 1138 2334 praestantissumis,
1155 2252 1264 2312 Demo-

160 2342 265 2402 sthene
278 2362 394 2422 quoque
414 2362 468 2403 nos
484 2343 583 2404 beavit
603 2344 723 2423 primus,
745 2364 764 2405 e
784 2346 987 2427 typogrepbeo
1005 2365 1059 2406 suo
1073 2344 1207 2405 Venetiis
1221 2346 1262 2405 A.

161 2438 252 2496 loos.
267 2434 394 2514 prodito.
436 2436 584 2497 Volumen
599 2436 685 2497 estin
698 2436 770 2496 folio
783 2437 896 2499 minore
910 2438 1069 2508 modicum,
1083 2437 1262 2516 bipertitum.

159 2525 233 2585 Pars
253 2530 347 2607 prime
359 2529 495 2609 procedit
513 2528 552 2589 ad
572 2546 600 2608 p.
615 2532 685 2591 390.
696 2518 767 2609 'quas
780 2530 889 2610 pagine
902 2531 1022 2591 exhibet
1039 2529 1156 2589 Libanii
1176 2548 1262 2608 argu·

158 2630 292 2679 mentum
305 2620 345 2681 sd
358 2622 521 2681 orationem
533 2621 657 2701 primam
671 2622 702 2681 in
716 2624 960 2702 Aristogitonem.
970 2634 1032 2684 tum
1044 2642 1139 2695 novus
1149 2620 1262 2681 orditur

158 2712 334 2793 paginarum
347 2714 432 2786 ordo,
446 2730 545 2775 rursus
558 2734 576 2775 a
589 2736 620 2795 p.
634 2720 661 2775 l.
676 2716 715 2776 sd
727 2736 758 2797 p.
772 2721 843 2779 986.
856 2736 991 2797 pergens.
1011 2716 1049 2775 In
1061 2736 1092 2795 p.
1103 2718 1173 2780 978.
1185 2714 1262 2775 desi·

159 2817 235 2865 nunt
247 2806 320 2885 ipsse
332 2806 539 2867 Demosthenis
552 2807 692 2887 reliquie.
715 2810 745 2867 A
761 2830 793 2889 p.
803 2814 874 2871 971.
885 2819 985 2870 autem
998 2826 1093 2887 usque
1102 2807 1141 2867 sd
1150 2826 1181 2885 p.
1189 2810 1261 2868 986.

159 2900 300 2959 eontinua
311 2900 386 2960 serie
400 2900 539 2979 leguntur
551 2899 715 2961 Libonianu
733 2884 907 2980 argumenta
922 2901 954 2960 in
973 2900 1120 2961 orationes
1140 2918 1191 2959 eas
1204 2898 1263 2961 De.

159 2991 368 3063 mosthenioas,
382 3012 449 3071 quse
462 2991 541 3051 iliam
554 2992 643 3072 punio
655 3001 723 3051 ente
735 2992 846 3053 dietam
859 2994 980 3072 primam
990 2992 1021 3051 in
1030 2989 1262 3069 Aristogitonem

161 3082 321 3162 excipiunt,
336 3103 401 3143 cum
415 3084 473 3143 hoc
487 3084 570 3144 bibulo
584 3081 719 3156 λιβανίου
732 3083 884 3152 ὑποθέσεις
897 3089 938 3153 sic
950 3083 1016 3152 rosit
1036 3087 1108 3164 μετὰ
1126 3083 1175 3145 τὸν
1189 3086 1261 3143 sord

158 3179 397 3257 dproroyeirovoc,
420 3172 613 3254 δημοσθένους
633 3177 749 3249 λόγοις.
788 3175 867 3233 Nam
886 3177 917 3233 in
937 3176 1031 3253 primo
1053 3186 1132 3236 1ωο
1146 3174 1261 3235 Aldinoe

158 3267 280 3347 singulis
289 3268 452 3346 quibusque
466 3265 646 3327 orationibus
659 3265 811 3345 praemisso
822 3277 892 3327 sunt
905 3276 1087 3343 argumenta,
1101 3287 1162 3328 non
1171 3265 1262 3336 Libsq

157 3360 247 3419 nians
259 3360 453 3430 solummodo,
474 3358 630 3419 sedetiam
648 3359 686 3419 ab
701 3359 758 3418 ulio
778 3358 916 3439 quopiam
927 3358 1030 3437 ignoto
1047 3359 1177 3438 graeeuio
1192 3380 1260 3439 pro·

157 3450 248 3513 fests.
291 3450 395 3513 Finem
413 3449 510 3530 operis
524 3450 635 3511 faciunt
649 3450 736 3513 varias
754 3450 898 3519 lectiones
911 3450 949 3511 ub
964 3451 1055 3523 Aido,
1067 3472 1121 3513 seu
1134 3451 1260 3513 Musuro

157 3542 289 3614 forsitan,
303 3553 355 3602 sut
369 3542 607 3612 Carteromsoho,
620 3562 638 3603 e
656 3542 765 3620 tribus5
774 3564 842 3623 quae
861 3562 954 3624 penes
968 3562 1021 3604 eos
1035 3553 1126 3615 erant,
1148 3545 1260 3605 codici-
1319 3579 1323 3591 ι

155 3638 211 3696 bna
230 3636 352 3697 vetustis
373 3636 517 3707 collectae,
536 3634 589 3695 sed
603 3635 773 3701 incredibili
793 3655 859 3696 cum
879 3635 1045 3715 supinitate.
1086 3636 1183 3709 Aldus
1196 3637 1259 3717 ipse

156 3738 281 3791 testatur
294 3728 324 3787 in
334 3726 391 3787 hae
402 3726 486 3807 sylva
497 3727 679 3798 variantium,
691 3746 757 3787 eum
770 3748 788 3788 e
800 3728 895 3789 tribus
907 3728 989 3789 mstis
999 3748 1064 3789 esse
1078 3740 1258 3809 congestam.

156 3820 235 3880 Nem
244 3818 388 3879 ediooutn
398 3818 448 3897 qui
459 3819 627 3883 ineditione
635 3830 774 3900 nostrap.
786 3823 856 3885 371.
865 3840 893 3881 ι.
902 3820 1068 3900 21.iegitur
1077 3821 1118 3901 (iu
1127 3822 1259 3885 Parisino

153 3918 267 3994 pibo.
278 3916 327 3973 19.
340 3910 371 3971 iu
383 3911 492 3971 Aldine
502 3932 532 3991 p.
544 3917 611 3975 155.
628 3912 665 3971 T.
680 3912 704 3973 1.
716 3932 802 3972 versu
815 3915 876 3989 10.)
890 3910 955 3973 hoeo
968 3924 1108 3973 annotata
1118 3914 1269 3992 leguntur.

153 4008 186 4067 in
198 4006 249 4066 ilio
269 4004 368 4065 indice
386 4005 493 4065 Aldine
515 4006 592 4085 (nam
614 4005 655 4065 sio
670 4004 809 4084 appellite
821 4004 853 4064 in
871 4005 1087 4066 commentariis
1107 4006 1180 4067 meis
1202 4028 1257 4069 suo

153 4109 286 4178 tempore
299 4096 493 4177 publicandis,
502 4096 649 4177 Teylorns
662 4098 780 4177 Msptos
790 4096 861 4157 Aidi
875 4098 1022 4179 appellare
1035 4099 1123 4179 solet)
1134 4102 1166 4159 ἐν
1176 4103 1257 4182 ἄλλῳ

154 4193 188 4253 δὲ
200 4189 375 4271 ἀντιγρόφςι,
394 4194 457 4269 τρία
473 4197 530 4267 γάρ
544 4192 670 4273 εἴχομεν.
682 4192 888 4259 obruo—Qua
904 4190 1038 4253 socordia
1057 4192 1207 4251 confectus
1220 4191 1258 4251 sit

153 4285 203 4345 bie
217 4282 319 4354 index,
339 4300 377 4341 ex
398 4302 435 4341 eo
449 4281 637 4359 intelligatur,
660 4281 794 4362 primum,
815 4282 894 4362 quod
909 4284 942 4343 in
961 4285 1024 4363 ipso
1044 4304 1131 4363 opere
1145 4284 1256 4343 Demo·

153 4376 291 4439 athenico
302 4392 382 4452 saepe
396 4373 482 4453 positi
497 4373 554 4433 sint
564 4374 705 4446 asterisci,
720 4374 758 4435 ad
770 4374 852 4435 illum
862 4375 988 4437 indicem
1002 4376 1182 4453 ablegentur,
1192 4374 1255 4454 qui·

153 4470 209 4531 bus
219 4478 322 4531 menen
330 4466 370 4529 nil
382 4466 472 4547 ipsius
482 4465 586 4529 indicis
596 4466 754 4547 respondet
763 4488 773 4539 ς
795 4478 868 4539 tum,
882 4468 963 4547 quod
973 4468 1002 4529 in
1014 4466 1110 4529 iudice
1121 4466 1255 4547 repositae
