2984 4917
398 287 459 346 AD
479 286 552 347 ΕΙ).
572 286 797 356 ennom.
816 292 1074 357 Pnntsmnnt.
1213 296 1286 355 nix

194 442 373 521 oempesthis
394 455 426 505 et
439 444 539 506 ltbcre
559 446 757 521 immoderato,
769 449 875 530 pmcn
887 469 927 511 er
941 451 1137 513 communium
1149 464 1181 513 et
1197 450 1290 531 publi·

192 554 293 595 corum
311 536 563 599 incommodorum
582 542 742 603 acerbitate
763 552 924 614 connecto,
943 564 1108 624 supremum
1127 543 1195 603 sitm
1207 543 1287 603 dien

192 626 274 687 obiit.
314 631 383 696 Quo
396 628 510 691 mortuo
525 650 590 711 spes
604 634 697 694 omnis
711 634 798 713 hujus
812 635 946 695 ennom
958 635 1142 697 sbsoisendss
1155 635 1288 696 omnibus

193 720 365 783 mortsiibus
385 723 509 802 precise
537 736 591 796 ea,
612 728 774 807 presertim
792 728 991 789 omnbus
1010 730 1042 788 in
1059 728 1123 789 dies
1137 726 1289 787 discordiis

193 812 335 885 civilibus,
352 826 382 875 et
395 826 462 895 post
475 816 624 896 superiore
637 818 712 881 meis
724 820 827 881 sedsts
844 839 881 881 sc
899 821 992 899 sopite
1004 821 1076 899 (non
1096 820 1172 881 enim
1193 820 1290 884 dicen

193 906 353 983 exstincte)
366 908 449 968 novis
463 910 587 971 subinde
600 910 663 971 eliis
677 912 856 991 carioribus
869 913 1092 983 suborientibus,
1105 913 1208 989 quibu
1221 932 1291 971 non·

194 1000 264 1059 dum
279 1000 367 1061 etism
380 1002 470 1062 hodie
483 998 612 1065 defuncti
624 1024 733 1065 snmus.
773 1006 900 1066 lts'cum
915 1006 1124 1067 Demosthenis
1142 1005 1233 1065 editio
1244 1004 1289 1063 in·

192 1088 300 1153 ¹elncstu
312 1094 421 1154 multos
442 1106 534 1155 snum
548 1098 714 1158 mansisset:
738 1098 781 1157 lo.
795 1098 972 1169 liecensem,
986 1098 1085 1159 totius
1106 1098 1289 1157 instrumenti

192 1186 399 1265 typographioi
420 1194 583 1260 successor,
604 1190 785 1249 mstrimouio
809 1209 877 1250 cum
895 1190 983 1250 sidus
1001 1200 1161 1260 contrecto,
1182 1190 1289 1261 nors,

192 1278 297 1357 purtim
312 1298 366 1339 sss
380 1290 495 1361 sponte,
509 1280 614 1360 purtim
627 1276 775 1341 lucerinum
787 1292 847 1343 tem
867 1283 985 1361 longum
1005 1282 1123 1361 inempti
1136 1281 1232 1360 operis
1244 1280 1288 1340 in-

192 1364 405 1431 termissionem
432 1373 616 1451 querentium
636 1384 668 1433 et
688 1390 770 1452 tegre
788 1371 943 1434 terentium
961 1374 1085 1435 vocibus
1105 1372 1231 1434 undu·
1250 1372 1290 1431 ri·

196 1472 275 1534 ctus,
283 1464 433 1523 consilium
442 1466 561 1526 tandem
569 1466 648 1546 cepit
656 1468 737 1547 operi
748 1467 894 1539 inchoem,
905 1477 936 1525 et
949 1465 1090 1547 deposito,
1101 1480 1133 1527 et
1145 1478 1177 1526 nt
1191 1466 1232 1527 its
1244 1465 1290 1525 di·

194 1575 271 1627 mm,
283 1556 473 1651 conclemsto,
482 1560 645 1619 subvenire.
673 1562 740 1627 Qus
749 1561 780 1618 in
792 1578 825 1619 re
838 1578 905 1619 cum
917 1560 972 1619 sibi
985 1560 1147 1651 sdjutorem
1160 1560 1288 1639 aliquem

192 1648 391 1709 sdiribsndsm
405 1668 468 1711 esse
482 1652 675 1725 existimaret,
688 1652 737 1731 qui
747 1648 791 1711 'et
802 1650 892 1713 vellet
909 1664 940 1711 ct
952 1664 1052 1731 posset
1071 1650 1154 1711 sirei
1168 1670 1287 1730 operum

191 1740 318 1820 nliqusm
337 1760 453 1815 nursre,
477 1762 510 1803 se
530 1744 569 1803 sd
590 1764 638 1804 me
658 1742 838 1823 potissimum
859 1742 999 1802 contulit:
1020 1762 1107 1819 quem
1120 1754 1151 1801 et
1164 1743 1287 1822 publicis

191 1832 353 1895 commodis
366 1834 491 1895 lubenter
505 1834 640 1896 inseruire
654 1846 843 1916 cognoverat,
857 1845 889 1895 et
898 1833 1049 1914 plurimum
1062 1835 1116 1892 sibi
1125 1835 1155 1893 in
1167 1837 1287 1913 negotio

188 1934 330 2005 suscepto
342 1925 483 2005 prodesse
497 1946 582 2005 posse
603 1928 796 1988 existimsitst,
838 1927 915 2006 Ego,
929 1917 1059 2006 quemvis
1078 1924 1109 1983 in
1122 1925 1185 1985 eliis
1198 1926 1286 1988 rebus

190 2036 209 2077 s
229 2036 277 2077 me
296 2018 433 2079 intitutis
452 2020 698 2097 occupatissimus,
717 2020 827 2079 homini
847 2021 949 2089 emico,
963 2018 1123 2098 prsesertim
1136 2016 1166 2076 in
1180 2037 1213 2079 re
1225 2026 1285 2077 tetn

191 2110 344 2189 preclare,
360 2111 465 2171 deesse
481 2110 572 2171 nolui.
613 2112 718 2191 ltaque
732 2113 870 2171 conduco
883 2112 1022 2191 reliquom
1037 2120 1149 2189 purtem
1162 2110 1288 2189 exempli

191 2201 334 2281 impressi,
345 2203 383 2262 sd
397 2205 479 2281 cujus
493 2222 572 2263 orem
587 2215 618 2263 et
631 2204 839 2283 scripturorum
853 2214 1007 2263 contentus
1020 2202 1225 2263 Demosthenis
1238 2222 1288 2263 ss-

193 2296 316 2355 rietstes
332 2314 350 2356 s
366 2296 494 2355 Moreiio
514 2297 684 2375 adscriptus,
699 2308 731 2355 et
750 2296 862 2357 scholis
885 2296 934 2355 iiis
953 2297 1062 2355 Grccs
1084 2295 1213 2355 nondum
1232 2296 1287 2355 im·

192 2406 303 2466 presse,
318 2389 490 2467 transcripte
502 2388 591 2449 i'uisse
605 2388 775 2466 supradixi,
791 2388 946 2466 diligenter
960 2399 1047 2466 utque
1060 2398 1171 2447 attente
1184 2388 1286 2465 relegi,

191 2499 227 2540 ec
240 2482 408 2559 recognovi.
450 2483 498 2541 Ac
512 2480 623 2541 scholis
633 2479 751 2558 quidem
765 2479 823 2549 iilo,
833 2500 899 2559 qum
912 2491 1030 2559 propter
1041 2480 1161 2540 Morelii
1175 2479 1286 2541 obitum

192 2572 379 2631 immaturum
402 2584 485 2631 erent
503 2573 601 2632 adhuc
622 2572 753 2642 confuse,
768 2574 983 2651 etperturbsto
1005 2572 1107 2632 ordine
1131 2572 1286 2644 collocate,

191 2666 233 2725 its
247 2676 287 2735 ut,
302 2686 361 2745 quo
383 2665 649 2745 pertinerent,'non
670 2664 760 2726 sscile
782 2666 874 2745 quiris
894 2665 1208 2735 interdum'cerneret,
1231 2681 1286 2725 sno

190 2768 316 2836 qumque
329 2758 395 2817 loco
408 2756 517 2837 digessi
531 2766 620 2837 utque
634 2758 664 2817 in
679 2757 809 2819 ordinem
823 2758 943 2835 redegi:
963 2768 997 2819 et
1009 2757 1127 2836 Ulpiani
1140 2774 1286 2817 commen-

190 2850 281 2909 tarios
300 2850 330 2908 in
349 2849 523 2911 editionibus
535 2850 662 2927 vulgetis
672 2849 911 2928 corruptissimos,
921 2850 1021 2927 quood
1033 2852 1097 2927 ejus
1109 2848 1170 2909 fieri
1184 2850 1286 2909 debuit

192 2962 229 3002 sc
243 2943 345 3021 potnit,
359 2942 498 3022 custigsvi
511 2952 601 3022 etque
620 2941 785 3003 emendavi.
826 2944 862 2999 ln
876 2952 1017 3001 contentu
1031 2960 1100 3000 cero
1113 2940 1287 2999 Demosthe-

193 3034 239 3093 nis
251 3034 487 3113 recognoscendo
498 3036 573 3095 uism
586 3032 655 3094 mihi
664 3039 724 3110 jem
739 3032 895 3093 sMorelio
905 3042 1152 3113 premonstrstnm
1165 3042 1286 3092 secutus

193 3143 267 3197 sum,
287 3126 426 3207 simulque
440 3128 584 3189 Beuensti
603 3125 744 3187 voluntati
764 3144 874 3185 morem
896 3124 981 3205 gessi,
1005 3135 1040 3185 ut
1052 3125 1123 3184 nihii
1136 3140 1287 3205 protense

192 3218 311 3299 vuigsts
323 3230 354 3279 et
366 3226 485 3299 recepte
509 3219 651 3299 scripture
672 3229 838 3280 mutarem:
858 3218 911 3278 sed
925 3236 1026 3279 omnes
1039 3217 1285 3279 dissimilitudines

192 3310 238 3371 sei
253 3311 292 3371 sd
306 3330 385 3371 cnm
400 3312 465 3371 lib'ri
486 3310 696 3391 adiungendus,
717 3311 765 3371 sel
784 3310 816 3369 iu
834 3311 918 3370 csice
939 3310 1126 3371 collocandos
1143 3328 1285 3371 sorerem.

193 3404 260 3469 Qus
273 3402 391 3481 quidem
408 3402 439 3463 in
462 3422 495 3463 re
514 3414 596 3463 tsnts
606 3402 663 3461 fuit
677 3401 823 3464 Beneneti
843 3401 955 3481 religio,
979 3402 1027 3461 cui
1046 3402 1132 3481 focile
1151 3414 1285 3463 mensos

191 3510 266 3568 sum,
285 3504 319 3555 ut
336 3495 474 3555 lectiones
488 3506 519 3555 et
531 3494 778 3575 interpunctione·
797 3495 929 3573 vulgatus
948 3512 1155 3572 nonnunquam
1167 3494 1285 3555 visimus

191 3586 316 3647 retinere
329 3588 474 3659 moluerit,
490 3586 644 3647 dummodo
666 3606 765 3647 mrum
786 3586 1005 3647 emendationes
1025 3585 1072 3645 vel
1093 3586 1124 3645 iu
1143 3586 1284 3666 margine,

190 3679 237 3740 sei
251 3680 281 3739 in
301 3680 384 3740 culce
404 3681 466 3740 iibri
482 3692 768 3760 reproesenmrentur,
780 3694 867 3759 quem
880 3680 1015 3758 cuiquem
1036 3679 1177 3739 msievoio
1195 3680 1285 3741 uliem

186 3776 296 3851 μω
309 3771 541 3853 reprehendendi
555 3792 655 3834 snsem
666 3773 842 3851 relinquere.
882 3772 1061 3831 Meminerst
1071 3772 1158 3843 enim,
1166 3774 1206 3832 de
1218 3790 1285 3833 mes

192 3865 345 3926 Ciceronis
368 3864 505 3935 editione,
526 3867 575 3945 qui
599 3879 758 3927 sermones·
775 3864 923 3925 hominum
947 3865 1052 3944 purtim
1076 3865 1282 3944 imperitorum,

189 3958 294 4037 purtim
312 3955 477 4037 iniquorum
496 3956 627 4030 fuissent,
648 3977 715 4019 cum
728 3957 869 4028 dicerent,
888 3976 938 4017 me
958 3957 1077 4017 nimium
1089 3958 1159 4017 mihi
1167 3959 1242 4036 juris
1251 3961 1285 4020 in

192 4048 338 4109 Cicerone
351 4050 535 4109 emendando
548 4051 732 4111 assumsisse:
746 4067 806 4109 non
818 4048 984 4128 oportuisse
996 4068 1016 4108 s
1024 4048 1152 4110 lectione
1164 4062 1284 4132 recepte

190 4140 329 4201 discedi:
349 4141 419 4201 setis
438 4142 528 4202 fuine
551 4142 685 4203 lectionis
702 4142 858 4203 sedentes
878 4153 910 4202 et
930 4141 1086 4222 scriptume
1108 4143 1140 4202 in
1157 4144 1283 4223 antiquis

189 4233 342 4293 cordicibus
356 4246 496 4313 rspertes,
511 4244 561 4293 sut
570 4234 753 4315 quantumvis
764 4234 930 4315 probsbiles
943 4240 1139 4311 conjectures,
1151 4236 1181 4293 in
1193 4253 1283 4294 anno·

190 4326 347 4385 tsuonibus
367 4324 467 4387 iocari.
508 4326 555 4386 Ne
568 4327 639 4405 quid
652 4326 739 4405 igitur
752 4328 783 4387 in
796 4326 998 4387 Demosthene
1017 4328 1173 4408 quicquum
1190 4326 1250 4387 trie
1263 4347 1283 4389 s

190 4420 275 4479 ncb'·
288 4418 478 4480 metretum
490 4420 572 4498 queri
591 4420 689 4495 posit,
705 4420 847 4499 (quemvis
860 4419 1008 4479 nominum
1021 4419 1181 4479 invidorum
1194 4430 1225 4479 et
1237 4421 1281 4480 in·
