2984 4917
491 350 553 415 AD
575 348 923 415 DEMoernrtnM.
1195 351 1255 415 elii

147 504 253 573 lenus
274 490 438 583 Herregio,
458 503 509 585 qui
530 524 590 567 non
604 524 712 586 ,parum
732 496 906 567 adunent
924 515 987 567 tum
1005 504 1165 584 dignitate,
1186 516 1252 567 tum

143 595 481 669 stim-commoditatis,
501 596 581 659 houd
601 596 800 661 mediocribus
819 596 971 677 iuspendiis
989 597 1113 678 parique
1128 598 1251 678 vigilans

145 690 194 762 t'es,
207 693 312 765 etjam
325 688 430 749 merito
448 690 558 771 possint
578 710 681 753 omnes
702 690 907 751 edmirubundi
928 690 1029 753 dicere
1041 689 1122 759 odric
1142 694 1251 755 terei

146 785 253 850 intuor
266 780 454 862 δημοσθένης.
495 784 572 845 Heu
587 782 734 845 Erasmus.
763 783 827 845 Sed
845 782 960 855 viderit,
978 784 1030 863 qui
1048 782 1251 863 predicationi

18 910 19 915 κ
147 895 209 937 sure
227 874 320 935 iidem
333 873 439 937 ,feriet
481 875 576 937 Haud
589 875 734 941 infitiabor
753 872 980 956 splendidiorem
999 875 1092 936 oculis
1111 875 1251 938 accidere

18 978 19 1015 i
147 968 387 1048 idemegienem,
403 986 492 1049 quun
506 968 656 1045 Aldinsm,
674 988 797 1051 querum
814 969 866 1029 ille
886 969 1042 1046 majoribus
1063 969 1165 1041 literia,
1183 970 1251 1031 hec

146 1063 348 1145 minutioribus
362 1072 408 1124 est
421 1082 543 1126 amurca.
554 1062 769 1125 commoditatis
788 1063 859 1124 item
872 1063 929 1123 hoc
943 1062 1026 1123 edert
1037 1061 1118 1122 haud
1137 1081 1249 1141 parurn,

146 1156 226 1236 quod
240 1175 281 1214 ex
294 1154 419 1216 edrereu
432 1156 485 1216 det
500 1155 607 1217 emtori
627 1167 898 1218 commentatorem.
940 1155 997 1215 Est
1009 1155 1138 1235 denique
1150 1155 1251 1235 saepis·

145 1249 215 1309 sime
229 1248 430 1327 Hernegiene
450 1248 640 1321 emendatior,
662 1268 752 1329 quam
773 1248 863 1311 editio
883 1247 1066 1329 primigenia.
1113 1245 1251 1310 Arbitrer

147 1350 246 1401 temen
258 1341 446 1403 nihilominus
462 1342 544 1403 Aldo
558 1342 660 1403 deberi
684 1343 763 1424 plus,
774 1362 865 1422 quam
877 1342 1048 1423 Herrregio,
1063 1345 1147 1419 cujus
1161 1359 1252 1421 opera

144 1434 249 1495 fuisset
270 1446 430 1508 tessaura,
451 1436 477 1497 si
497 1435 649 1497 materiem
671 1434 722 1495 ille
742 1435 855 1496 nullum
875 1434 1050 1497 suffecisset.
1091 1433 1250 1513 Pleraeque

144 1526 269 1587 uenum
283 1528 403 1588 Aldine
416 1529 542 1590 serravit
555 1529 765 1608 Hcrwsgiarra,
778 1528 861 1589 neris
874 1528 951 1589 edeo
964 1524 1139 1608 quibusdam
1159 1527 1250 1600 auxit,

145 1634 184 1677 ex
198 1636 236 1677 ee
248 1618 277 1677 in
291 1620 464 1698 posteriores
478 1620 632 1692 derivatim
652 1640 713 1682 nos
734 1621 829 1681 nullm
850 1630 950 1681 tamen
971 1619 1096 1693 sustudit,
1118 1639 1179 1680 non
1192 1638 1251 1699 cpe

144 1710 215 1769 usti
229 1710 352 1784 codicis,
360 1713 411 1791 qui
424 1712 522 1771 nullus
535 1712 613 1790 apud
627 1712 819 1792 Herwsgium
830 1713 922 1773 fuisse
931 1713 1062 1785 ridetur,
1076 1712 1173 1773 nullus
1186 1732 1250 1773 cer-

143 1812 176 1862 ts
189 1808 313 1882 usquam
333 1812 588 1875 commemoratur,
609 1804 665 1862 sed
684 1806 747 1863 eolo
764 1804 893 1883 ingenio,
913 1806 996 1867 heud
1016 1814 1133 1867 constat
1153 1807 1250 1881 cujus.

144 1894 356 1955 Verumtamen
375 1895 542 1974 suspicione
562 1894 592 1953 in
608 1894 759 1955 Simonem
778 1896 942 1975 Grynaeum
962 1899 1053 1956 feror.
1093 1896 1159 1955 Nisi
1178 1896 1250 1957 huic
1325 1913 1328 1917 ·

144 1987 306 2067 suspicioni
326 1988 385 2047 hec
404 1988 510 2059 obstat,
533 1988 615 2067 quod
635 1986 784 2067 Gryneus
803 1998 867 2047 tum
884 1988 1036 2067 temporis,
1057 2006 1124 2048 cum
1138 1988 1250 2049 Demo·

142 2078 308 2141 ethereein
322 2077 437 2140 officina
447 2078 647 2159 Herrreginne
660 2078 868 2151 excuderetur,
878 2079 911 2139 in
924 2080 1037 2160 Aegiis
1045 2080 1251 2160 peregrinatus

143 2172 190 2235 dt.
232 2174 336 2240 Quare
348 2172 439 2233 setius
453 2172 509 2233 erit
521 2173 567 2234 de
576 2172 687 2233 Incubo
705 2172 857 2232 Reubero·
866 2172 1017 2253 suspicati,
1029 2174 1068 2233 de
1081 2192 1140 2252 quc
1158 2172 1247 2253 poulo

143 2278 209 2345 port
228 2266 363 2345 pluribus
383 2264 507 2338 dicetm,
526 2277 578 2325 eut
591 2264 629 2325 de
650 2266 763 2324 loenne
776 2264 919 2343 Open'no.
960 2264 1031 2325 Non
1044 2264 1159 2325 videtur
1172 2264 1248 2325 Era·

142 2377 219 2418 smus
231 2358 264 2417 in
275 2358 362 2434 hujus
374 2358 470 2419 latudis
479 2357 710 2418 communionem
722 2356 933 2417 edmimndus.
973 2356 1065 2417 Haud
1077 2356 1248 2419 abundabat

143 2450 281 2512 Erssmue
299 2451 369 2525 otio,
382 2470 480 2531 neque
494 2452 609 2511 ridetur
623 2450 650 2511 ei
664 2450 813 2528 ingenium
825 2448 917 2511 fuisse
931 2450 1127 2512 Demostheni
1146 2470 1246 2518 emene

144 2544 242 2605 &ndo
262 2564 326 2625 pm.
369 2546 440 2605 Aliis
461 2545 491 2604 in
513 2544 615 2618 literis,
635 2543 811 2622 theologicis
833 2531 980 2625 imprimis,
1003 2547 1166 2625 regnabat·
1198 2547 1246 2607 At

140 2640 199 2701 isoc
214 2658 327 2720 genere
340 2640 463 2721 profano
484 2650 548 2701 eret
568 2639 699 2700 alienior.
741 2639 778 2699 In
797 2638 856 2699 hac
876 2638 1016 2712 emtione,
1036 2660 1156 2720 prorsus
1168 2650 1204 2699 ut
1216 2640 1248 2701 in

143 2733 265 2803 Aldina,
279 2734 318 2793 ab
332 2733 463 2793 oratione
476 2734 571 2813 prime
589 2732 620 2791 in
635 2731 867 2809 Aristogitonem
882 2752 975 2792 novus
994 2732 1108 2793 orditur
1126 2734 1247 2813 pegina-

141 2844 206 2886 rum
218 2826 309 2897 ordo;
332 2845 393 2906 quo
406 2826 440 2885 fit
452 2839 487 2885 ut
505 2826 571 2885 hoec
584 2842 711 2904 quoque,
727 2824 834 2903 puriter
854 2834 944 2904 etque
963 2824 1024 2896 ille,
1043 2825 1075 2884 in
1088 2826 1149 2885 duo
1162 2826 1247 2905 qussi

142 2920 301 2992 volumina,
322 2920 515 2999 dispencemr,
544 2919 599 2979 sed
622 2936 659 2977 ee
681 2918 766 2979 molis
790 2918 928 2997 imperis3
957 2936 1083 2997 quorum
1107 2918 1185 2998 prius
1206 2920 1247 2979 ad

140 3032 171 3093 p.
183 3018 254 3075 5³2.
267 3014 413 3093 procedit,
428 3012 551 3073 alterum
565 3012 603 3073 ud
616 3032 647 3091 p.
658 3014 728 3075 907.
751 3010 814 3071 Sed
825 3011 857 3070 in
871 3012 1072 3090 Hersragisnu
1081 3030 1135 3071 cur
1152 3010 1184 3070 id
1202 3012 1246 3072 ita

142 3106 181 3166 sit
192 3106 367 3180 nstitutum,
380 3106 455 3167 ratio
469 3106 553 3166 reddi
562 3105 697 3185 quedem
710 3114 821 3185 potest,
835 3105 929 3165 curin
941 3104 1061 3179 Aldine,
1075 3104 1166 3165 nulia.
1206 3105 1245 3167 In

142 3198 341 3271 Timocraten,
355 3218 442 3279 quem
461 3200 602 3279 proxime
616 3208 838 3277 consequuntur
854 3197 913 3256 illae
926 3197 1004 3269 duee,
1019 3217 1085 3277 quer
1099 3198 1244 3277 Aristogi⁴

142 3302 244 3353 torrem
264 3292 455 3365 insectantur,
472 3290 672 3352 commentarii
685 3290 805 3362 tiniunt;
822 3290 872 3369 qui
884 3290 1087 3350 commentarii
1101 3300 1135 3349 ut
1147 3308 1167 3349 e
1177 3308 1244 3349 cor·

142 3404 221 3465 pore
234 3386 399 3447 cretionem
418 3385 482 3465 ipso
500 3384 746 3457 discernerentur,
758 3401 882 3443 necesee
895 3393 969 3451 eret.
985 3392 1020 3442 ut
1038 3383 1117 3462 typis
1128 3383 1246 3460 majoriu

140 3478 196 3539 bus
208 3478 304 3539 cretio
316 3478 537 3539 demosthenice
557 3477 766 3547 excuderetur,
779 3474 940 3535 minoribus
952 3474 1046 3535 oratio
1059 3475 1245 3535 crematoris.

142 3572 212 3633 Hoc
229 3573 292 3650 jam
306 3571 526 3631 conticescente
540 3570 684 3629 suadebat
696 3568 881 3628 commodum
894 3577 1046 3640 emtarum,
1065 3567 1164 3647 utqui
1181 3565 1245 3647 typi

143 3664 290 3725 maenus
308 3674 408 3723 essent
427 3661 458 3722 in
485 3672 682 3723 enmratorem
702 3660 830 3732 insumti,
851 3659 942 3719 iidem
961 3676 1047 3721 nunc.
1062 3657 1171 3729 oratori
1189 3660 1246 3739 ipci

144 3767 405 3826 consecnrentnn
424 3774 464 3816 ne
477 3755 614 3815 volumen
627 3754 657 3812 in
671 3752 778 3812 molem
797 3752 1159 3831 abnormemuexcurreret,
1169 3771 1246 3813 nere

144 3860 257 3911 smntns
278 3848 505 3927 geminarentur.
549 3846 722 3907 consultius
730 3864 850 3925 quoque
861 3844 1046 3923 Hmwagius,
1060 3864 1118 3905 seu
1128 3844 1180 3924 qui
1191 3865 1246 3926 pro

143 3962 180 4004 so
192 3942 424 4003 Demosthenem
438 3940 585 4002 edendum
599 3940 721 4011 curavit,
736 3948 909 4017 argumente
917 3936 1247 4019 Libenienedisposuit3

141 4050 211 4119 quse
220 4046 395 4115 argumenta
408 4034 572 4095 orationum
590 4033 622 4092 in
642 4033 737 4093 causis
750 4031 868 4111 privetis
881 4032 1010 4091 omnium
1023 4050 1091 4091 cum
1105 4032 1203 4091 Aldus
1215 4032 1248 4091 in

141 4144 232 4191 noum
255 4130 355 4189 locum
377 4128 582 4208 congessisset,
605 4137 636 4187 et
656 4126 687 4185 in
700 4126 786 4185 culce
798 4142 862 4183 sure
876 4122 1013 4185 editionis
1022 4124 1105 4203 qussi
1118 4119 1247 4185 abdidis-

140 4234 196 4293 σοι,
212 4220 319 4283 meiius
332 4221 487 4282 consulens
501 4219 559 4290 hic,
574 4218 705 4299 quisquis
717 4217 786 4291 tuit,
798 4228 971 4296 argumente
990 4216 1106 4296 singnis
1126 4216 1247 4297 singuiis

141 4314 323 4377 emtionibus
343 4313 480 4394 praefixit.
523 4311 584 4373 Sed
597 4311 626 4371 in
641 4310 865 4391 exemplo-meo
883 4309 1091 4390 Herengieme
1111 4308 1247 4381 desidero

141 4418 350 4490 argumentum
364 4406 502 4467 crstimm
514 4405 546 4465 in
557 4404 789 4485 Aristogitonem
798 4403 911 4483 primes,
921 4404 1002 4482 qnod
1011 4403 1046 4461 in
1053 4401 1160 4480 Aldine
1171 4401 1245 4473 tomi

138 4502 227 4585 pinni
240 4502 377 4581 peginam
395 4500 528 4567 tritimum
549 4498 660 4579 impiet.
702 4496 834 4567 Videant
854 4496 960 4577 quibus
979 4505 1028 4564 est
1039 4494 1246 4575 Herwugiaun

181 4625 255 4671 ron.
277 4625 301 4669 ι.
710 4619 729 4661 u
