2984 4917
214 288 298 365 nni
405 252 410 259 ’
547 282 801 361 HIERONYMI
820 282 974 355 wenni

387 514 389 518 ’
477 544 811 627 arenosum
838 549 1041 626 wonru

251 718 300 776 Aa
312 717 454 795 naeuus
469 722 640 800 spesspes
653 725 819 792 reuersum
831 736 859 792 ss,
871 727 1044 805 mmm
1059 724 1268 803 tumtun

499 854 535 915 Is
549 856 642 915 estas
656 856 782 916 lectiom
797 856 1017 916 Demosthenicm

687 960 832 1041 Proefatio.

255 1082 464 1163 lasrrruruu
487 1097 579 1159 tuum,
601 1088 662 1147 viro
682 1089 762 1155 bono
779 1101 811 1149 et
823 1087 920 1159 docto,
940 1097 973 1147 et
992 1096 1044 1147 tuo
1065 1102 1181 1165 qnoque
1196 1102 1309 1164 eogno-

213 1173 289 1235 mine
304 1176 423 1255 dignum
438 1178 529 1257 (quod
543 1184 621 1259 rupti
636 1181 667 1241 ri
680 1181 840 1241 irretortis
852 1178 917 1240 fleri
936 1177 1007 1254 ecia)
1018 1198 1079 1239 non
1099 1175 1187 1237 modo
1200 1177 1316 1248 nultos,

214 1278 246 1340 et
259 1268 427 1347 magnificos
448 1281 581 1331 autores:
605 1272 660 1333 sed
680 1284 711 1332 et
731 1284 834 1333 ornate
848 1285 880 1333 et
893 1271 1059 1343 emendate,
1076 1290 1144 1331 cum
1165 1270 1309 1333 acmmtie

214 1358 367 1430 indicibus,
389 1363 507 1422 eosdem
522 1363 552 1441 in
571 1364 717 1443 publicum
736 1365 854 1438 edendi,
866 1383 1048 1443 magnopere
1066 1366 1176 1444 probo:
1197 1364 1310 1443 tibique

215 1461 246 1509 et
265 1450 444 1513 fructuosum
466 1465 497 1513 et
515 1455 594 1517 laudi
617 1456 804 1537 sempiternae
827 1456 890 1517 sore
913 1455 1039 1517 conlido.
1079 1454 1159 1516 Inter
1182 1476 1255 1535 quos
1277 1465 1312 1531 et

216 1540 479 1625 Demosthenicum
498 1546 555 1607 hoc
569 1568 651 1627 opus,
666 1559 787 1629 propter
799 1566 942 1609 summam
955 1548 1105 1628 utriusque
1123 1548 1245 1608 oratoris
1259 1568 1310 1607 au·

216 1635 370 1707 toritatem,
395 1656 454 1697 non
475 1650 639 1719 postremas
659 1662 723 1703 esse
743 1644 880 1717 laturum,
896 1651 1123 1718 consentaneum
1144 1651 1200 1699 est.
1239 1642 1310 1707 Quo

214 1725 353 1790 libentius
369 1730 455 1791 etiam
469 1744 558 1791 rectae
571 1733 711 1795 voluntati
725 1746 794 1805 tune,
808 1744 839 1793 et
851 1734 892 1792 D.
907 1730 1057 1792 Theodori
1070 1731 1215 1811 Zvingeri
1227 1750 1313 1813 acerg

212 1820 286 1881 rimo
303 1823 424 1901 judicio,
446 1825 626 1905 perlegendo
648 1838 679 1887 et
699 1825 880 1887 conserendo
893 1834 925 1885 et
944 1824 1132 1904 excerpendo
1146 1823 1312 1885 Luteciano

216 1915 429 1986 Demosthene,
446 1937 556 1977 rnorem
577 1918 665 1995 gessi,
680 1918 812 1997 quumvis
825 1928 857 1978 et
876 1917 1026 1997 perpetuis
1044 1918 1194 1977 laboribus
1205 1917 1317 1996 smnus,

216 2022 247 2069 et
259 2010 344 2071 variis
364 2008 472 2067 morbis
485 2028 568 2088 pene
583 2010 746 2085 conlectus.
789 2010 838 2071 Ac
852 2009 933 2091 quod
947 2008 1103 2088 Ulpianum
1115 2009 1228 2081 attinet,
1242 2008 1312 2069 Mo·

215 2102 303 2161 relius
323 2122 381 2175 non
401 2100 506 2161 malam
527 2103 642 2163 navavit
656 2123 785 2184 operam,
806 2122 932 2181 eumque
945 2101 1029 2162 nobis
1050 2114 1080 2163 et
1102 2101 1260 2163 auctiorem
1279 2112 1315 2182 et

217 2194 306 2273 paulo
321 2193 525 2254 correctiorem
544 2194 694 2256 exhibuit:
719 2198 805 2275 cujus
825 2194 986 2255 editionem
1004 2196 1036 2253 in
1055 2192 1247 2274 exprimendo
1264 2210 1312 2254 se·

218 2285 316 2367 queris
327 2284 445 2346 licebit:
467 2287 645 2363 conjecturis
657 2298 757 2349 tamen
769 2287 858 2349 etiam
871 2287 978 2349 nostris
988 2288 1023 2366 (si
1037 2286 1193 2363 ridebitur)
1206 2286 1314 2347 alicubi

216 2374 363 2439 adhibitis.
406 2378 526 2439 Scholia
538 2399 665 2461 quoque,
680 2382 734 2443 etsi
748 2382 889 2461 pleraque
902 2400 963 2441 non
976 2381 1073 2460 magni
1089 2380 1236 2458 momenti,
1251 2378 1316 2459 qui·

216 2472 272 2530 bus
286 2471 373 2549 longe
388 2470 469 2549 plura
488 2472 630 2550 (fortassis
652 2484 683 2535 ct
701 2474 863 2551 melleraie
876 2472 1109 2553 Lexicographis
1126 2468 1225 2551 colligi
1244 2491 1312 2551 pes·

213 2576 287 2638 sent,
308 2565 444 2644 equidem
458 2585 516 2624 non
537 2567 656 2642 rejicio:
679 2586 784 2627 vereor
803 2579 913 2639 mmen,
933 2566 1036 2644 nequi
1054 2584 1103 2625 me
1123 2564 1246 2636 rideant,
1257 2565 1312 2646 >qui

212 2657 374 2718 istiusmodi
399 2662 638 2738 λεπτολογίιματα
659 2657 848 2720 conversione
868 2678 936 2719 mea
958 2658 1095 2737 dignatum
1114 2657 1188 2717 sim:
1214 2676 1309 2737 eoque

217 2751 322 2830 magis,
341 2750 419 2829 quod
440 2752 470 2811 in
484 2752 684 2813 declaratione
702 2754 866 2825 verborum,
888 2770 955 2813 cum
975 2751 1128 2831 utriusqus
1147 2750 1267 2830 lingua,
1281 2749 1313 2809 in

219 2842 411 2924 etymologiis,
434 2842 670 2917 derivationibus,
691 2842 961 2923 significationibus,
976 2843 1007 2902 in
1024 2840 1177 2914 bausleno,
1189 2860 1315 2923 synony-

218 2938 283 3009 mis,
299 2936 461 3009 contrariis,
478 2938 751 3010 constructionibus,
765 2938 796 2997 in
815 2937 878 2999 aliis
890 2936 1097 3018 compluribus,
1113 2934 1228 2995 diversa
1239 2933 1314 2993 ratio

218 3030 268 3107 sit:
284 3030 401 3110 ineptire
414 3041 445 3089 et
458 3050 544 3108 augre
559 3030 658 3091 inanes
671 3032 756 3091 vitari
773 3031 822 3089 vix
835 3041 967 3110 possunt.
1008 3030 1087 3091 Nam
1099 3029 1206 3089 Grmm
1218 3046 1257 3089 ex
1272 3026 1315 3087 al·

218 3136 282 3184 tero
295 3125 384 3183 latere
400 3123 465 3191 sita,
481 3122 594 3183 Latinis
614 3123 786 3192 admiscere,
806 3123 936 3200 quamvis
949 3142 1034 3201 esque
1054 3121 1196 3199 ineptum,
1215 3132 1314 3181 tamen

219 3216 326 3277 alicubi
340 3214 431 3285 vitare
445 3233 503 3273 non
517 3214 617 3274 licuit:
639 3214 719 3293 quod
733 3213 915 3275 scholiastes
928 3213 994 3289 iste,
1015 3210 1143 3289 quisquis
1155 3210 1222 3282 suit,
1235 3230 1314 3291 sepe

220 3310 337 3371 nimium
359 3307 467 3379 diffisus
492 3306 634 3367 lectorum
654 3306 788 3386 ingeniis,
809 3306 1015 3367 elementarios
1034 3320 1142 3383 pueros
1165 3304 1316 3366 docendos

220 3402 317 3491 potius
337 3400 499 3480 suscepisse
513 3399 638 3471 videtur,
658 3418 745 3478 quam
767 3396 943 3477 eloquentia
964 3395 1203 3457 Demosthenicae
1219 3398 1316 3459 eandi-

221 3500 316 3559 dotos.
361 3494 421 3555 Sed
436 3502 501 3553 utut
513 3493 559 3565 sit,
574 3512 631 3571 ego
644 3491 713 3551 nihil
727 3492 766 3553 ab
778 3490 838 3551 ullo
851 3489 963 3550 editum
972 3490 1002 3549 in
1016 3487 1074 3549 hoc
1086 3507 1186 3568 opere,
1199 3502 1318 3570 preter·

220 3591 264 3654 ire
278 3587 376 3649 volui:
405 3606 471 3646 cum
489 3606 548 3647 non
562 3586 704 3665 ignorem,
721 3604 767 3657 ea,
779 3601 845 3663 quer
859 3582 989 3665 plerique
1003 3583 1082 3643 docti
1095 3582 1148 3642 viri
1160 3602 1214 3663 pro
1227 3583 1317 3643 nihilo

222 3686 347 3752 ducunt,
368 3678 526 3760 aquodam
544 3697 602 3739 non
622 3688 778 3759 postremas
791 3689 870 3737 note
882 3676 1047 3756 professore
1061 3694 1168 3755 magno
1188 3695 1256 3737 cum
1268 3695 1317 3735 su·

221 3778 342 3863 percilio
363 3784 392 3835 et
417 3773 610 3835 ostentatione
632 3771 782 3852 exquisita
802 3770 962 3850 diligentiae
985 3780 1076 3851 atque
1099 3768 1239 3829 doeeinoe
1262 3786 1316 3847 pro

223 3866 362 3950 suggesto
381 3866 471 3939 fuisse
492 3867 656 3942 decantata,
671 3863 716 3924 vel
729 3863 882 3945 deplorata
900 3862 995 3943 potius
1011 3882 1049 3924 ac
1069 3862 1202 3931 alatreta,
1216 3871 1249 3920 ut
1262 3858 1321 3919 fuit

222 3964 354 4045 ἐμπαθὴς
375 3960 423 4019 ille
437 3959 593 4019 homuncio
607 3946 637 4018 ei
649 3957 778 4035 quamvis
797 3976 873 4036 pene
891 3955 1056 4026 stennius,
1075 3953 1318 4023 mordacissimus,

224 4068 255 4120 et
267 4057 297 4116 in
312 4054 416 4117 canina
428 4052 567 4113 facundia
578 4057 647 4130 (qua
667 4049 751 4110 nimis
772 4049 935 4129 petulanter
947 4058 977 4107 et
989 4047 1019 4107 in
1037 4066 1086 4107 me
1105 4056 1136 4107 et
1153 4047 1184 4104 in
1203 4045 1275 4105 alios
1287 4054 1319 4103 et

225 4172 273 4215 me
291 4162 321 4211 et
337 4168 370 4209 se
383 4150 472 4227 longe
491 4146 637 4206 doctiores
651 4154 683 4202 et
695 4141 833 4203 clariores
849 4142 926 4201 viros
947 4141 1080 4200 invectus
1100 4142 1161 4213 est)
1174 4138 1319 4199 exercita·

224 4247 361 4313 tissimus,
376 4252 415 4312 et,
430 4260 497 4302 cum
511 4240 610 4318 lippus
623 4247 711 4305 esset,
731 4236 763 4294 in
780 4232 990 4314 perspiciendis
1001 4231 1131 4292 omniurn
1145 4230 1319 4309 scr'qrtorum

228 4339 372 4401 erroribus
385 4355 421 4395 ac
434 4332 508 4393 vitiis
522 4330 713 4392 acutissimus.
755 4328 813 4395 Qui
832 4326 952 4408 quidem
964 4336 1045 4385 recte
1061 4322 1116 4385 sihi
1136 4320 1222 4391 cavit,
1240 4320 1320 4399 quod

228 4433 298 4493 nihil
309 4432 337 4491 in
351 4427 499 4511 publicum
514 4423 619 4485 edidit:
632 4428 671 4502 μή
682 4446 707 4481 rt
719 4418 798 4504 πάθῃ
812 4424 844 4483 τό
858 4422 880 4478 κ’
896 4420 979 4499 ἔρεξε·
994 4416 1055 4489 disq
1067 4418 1089 4475 τ’
1104 4412 1180 4477 ἰθεῖα
1194 4416 1322 4489 γένηται.
