2984 4917
394 305 456 366 an
479 290 846 369 suuu'neuosrrr.
867 305 1013 369 neure.
1080 390 1086 397 .
1163 306 1249 369 rna

130 444 134 457 ⁸
150 462 355 541 describendis
367 474 517 536 versatum
535 472 644 545 quanto
663 464 757 545 magis
775 462 1035 525 conformationem
1052 461 1139 539 hujus
1160 462 1248 523 disci·

150 558 247 639 plina,
263 558 464 638 rationemque
482 558 572 620 totius
593 558 779 638 eloquentie,
797 578 863 637 quae
883 568 915 615 et
932 557 1064 616 locorum
1078 556 1249 635 opportuni·

150 660 213 710 tate
237 652 362 711 solerter
382 650 546 730 disponere,
568 662 599 711 et
617 650 755 711 orationis
772 649 881 710 lumine
899 650 1048 709 luculente
1068 648 1250 727 distinguere

150 743 254 821 possit,
270 762 337 822 qum
350 742 393 801 illi
405 743 452 803 rel
466 743 627 822 prudenter
644 742 861 822 investigarunt,
882 739 930 800 vel
947 740 1099 799 artificiose
1120 739 1249 800 tradide-

150 835 238 894 matt
259 834 386 895 Perinde
399 835 442 893 uti
462 835 491 894 in
503 836 590 897 mutis
604 855 723 915 quoquo
742 835 861 904 artibus,
881 832 998 892 tametsi
1011 850 1120 904 eorum,
1136 834 1185 912 qui
1198 842 1251 893 aut

149 926 182 985 in
200 926 401 987 instrumentis
419 927 620 1002 conficiendis,
634 940 685 989 aut
706 928 736 987 in
757 926 885 987 terendis
903 925 1049 986 coloribus
1062 937 1249 999 exercentur,

150 1020 262 1080 nemini
283 1021 427 1081 subtilitas
446 1021 476 1079 iu
490 1042 543 1081 suo
557 1022 671 1082 artificii
691 1041 801 1101 genere
814 1020 900 1093 desit,
920 1017 1063 1079 unstruth
1075 1031 1173 1079 tamen
1185 1021 1250 1081 laus

151 1124 183 1174 et
197 1114 392 1174 excellentior
411 1115 499 1192 longe
516 1114 652 1175 habenda
672 1126 717 1175 est
737 1133 774 1174 ea
794 1114 869 1174 ratio
884 1110 1000 1191 ingenii,
1015 1130 1083 1190 que
1100 1111 1131 1170 in
1149 1113 1251 1173 tabula

151 1204 393 1285 perfectissimam
405 1204 492 1265 istam
504 1204 662 1285 imaginem
676 1206 824 1285 exprimit,
836 1208 917 1281 cujus
930 1204 961 1287 in
974 1202 1079 1263 obtutu
1098 1213 1185 1283 etque
1198 1204 1251 1285 ad7

151 1298 306 1359 miratione
316 1308 380 1359 tota
393 1308 536 1379 occupem
549 1297 605 1359 erit
618 1298 784 1378 posteritas.

101 1420 104 1429 λ
194 1390 254 1450 His
267 1389 454 1463 siaddidero,
464 1390 650 1451 intercedere
663 1390 810 1470 quandam
829 1390 1159 1469 necessitudinemque
1177 1408 1250 1451 cort·

149 1482 287 1560 jungitur
305 1482 384 1542 'etius
402 1480 498 1561 gentis
518 1483 695 1564 eloquentia,
708 1502 767 1542 nou
780 1483 878 1543 dicam
899 1503 968 1544 cum
983 1483 1057 1555 Tua,
1071 1482 1122 1563 qui
1135 1483 1251 1563 propria

152 1573 282 1655 quadam
295 1573 443 1647 felicitate,
457 1594 517 1635 non
536 1575 681 1635 communi
703 1583 875 1636 ceterorum
894 1576 1116 1646 exercitatione,
1134 1576 1251 1636 Dauo·

153 1684 315 1726 srrrsrumr
337 1668 484 1742 exscribit,
496 1686 598 1727 rerum
612 1686 678 1727 cum
693 1686 731 1727 ea
742 1667 854 1727 ratione
872 1667 1000 1738 dicendi,
1021 1687 1088 1748 que
1109 1666 1198 1728 bodie
1219 1670 1251 1727 in

151 1758 228 1833 l'oro,
250 1760 282 1820 in
307 1760 399 1835 curia,
422 1771 454 1820 et
472 1771 577 1821 senatu
597 1759 770 1831 efflorescit3
789 1760 1007 1839 aplarimorum
1031 1758 1166 1838 opinione
1188 1778 1250 1819 non

153 1852 317 1913 discedam.
360 1853 464 1913 Habet
477 1852 555 1913 enim
570 1852 737 1932 eloquentia
748 1852 888 1932 quosdam
902 1850 984 1932 quasi
997 1850 1092 1910 flexus
1104 1850 1208 1921 cetaria
1219 1858 1251 1910 et

154 1946 262 2005 vanam
285 1944 409 2006 subinde
426 1944 641 2005 maturitatem:
662 1954 695 2004 et
712 1944 805 2005 omnia
822 1954 923 2004 noster
940 1941 1065 2003 forensis
1078 1940 1161 2001 labor
1174 1941 1251 2018 (sire

151 2037 183 2097 id
196 2038 338 2099 indrrstris
351 2038 388 2098 sit
400 2036 545 2108 effectum,
560 2036 620 2097 sire
639 2056 709 2097 casu
728 2038 857 2116 quodam
878 2034 1043 2114 contigerit,
1060 2044 1095 2093 ut
1107 2034 1146 2094 ad
1158 2052 1251 2112 quen·
1356 2090 1363 2113 ,

153 2130 221 2211 dam
232 2130 316 2210 quasi
337 2128 556 2191 similitudinem
573 2130 848 2210 contentionemque
868 2126 1064 2202 devenirctur)
1084 2137 1115 2186 et
1131 2137 1251 2187 seuten-

152 2222 257 2307 tiarnm
271 2221 419 2293 clausulis,
435 2232 466 2281 et
478 2220 619 2281 sermonis
634 2222 787 2300 gravitate,
807 2230 838 2281 et
850 2238 960 2299 genere
974 2218 1140 2279 lacessendi
1160 2229 1191 2279 et
1204 2237 1252 2278 re·

151 2314 327 2393 spondendi,
340 2324 404 2375 tota
416 2313 542 2393 denique
554 2313 649 2392 figura
662 2313 809 2383 orationis,
823 2332 910 2392 quam
931 2311 1129 2373 studiosissimi
1142 2312 1252 2391 quique
1329 2335 1337 2347 ‘

152 2407 285 2485 magistri
304 2408 336 2466 in
354 2406 452 2467 animo
473 2414 681 2485 conceperunt,
696 2400 803 2485 grece
815 2405 896 2465 laudi
908 2406 946 2465 ab
964 2403 1045 2464 omui
1058 2414 1153 2483 parte,
1161 2422 1252 2483 quam

153 2500 297 2561 Romanae
322 2507 369 2560 est
391 2500 519 2579 propior.
560 2498 704 2559 Nimirum
725 2516 763 2558 ea
786 2492 961 2576 eloquentia,
982 2516 1069 2575 quam
1089 2497 1119 2555 in
1133 2496 1251 2557 Denso·

154 2584 298 2663 truens,
314 2592 450 2653 torrentis
464 2592 531 2662 ritu,
546 2590 722 2671 precipitari
735 2609 794 2650 nou
806 2590 869 2650 sine
887 2590 1029 2668 religione
1041 2588 1168 2667 quadam
1182 2607 1253 2649 con·

152 2687 339 2765 templamur,
361 2684 468 2745 deinde
491 2694 557 2764 post
575 2683 668 2743 auus
690 2683 817 2763 aliquem
836 2683 1004 2754 decursum,
1022 2683 1252 2756 increscens,

152 2780 244 2839 ubere
257 2777 379 2837 flumine
401 2777 562 2849 exundare,
576 2785 608 2836 et
620 2775 714 2835 latiori
728 2776 839 2835 ambitu
852 2774 972 2836 diffundi
985 2784 1017 2835 et
1028 2775 1182 2853 expetieri,
1189 2780 1252 2852 jam

152 2872 183 2930 in
194 2872 347 2951 pristinum
362 2870 477 2929 alveum
491 2888 523 2929 se
537 2870 671 2947 recipere
683 2870 762 2929 velle
773 2868 897 2929 ridetur.
939 2869 1008 2928 Non
1021 2868 1105 2947 quasi
1119 2880 1170 2926 aut
1182 2869 1252 2929 huic

153 2966 279 3045 impetu,
293 2975 343 3023 aut
356 2964 398 3023 illi
410 2964 543 3023 ubertate
563 2973 750 3042 prestemus3
770 2982 827 3021 nec
846 2961 927 3041 quasi
944 2958 975 3019 in
996 2961 1090 3019 altero
1108 2959 1186 3018 desit
1205 2978 1253 3019 or·

156 3066 255 3127 natus,
274 3054 304 3113 in
317 3057 410 3115 altero
431 3056 592 3126 redundet;
613 3049 759 3134 sedquod
768 3071 879 3134 genere
899 3052 996 3114 orandi
1009 3064 1082 3113 etas
1094 3062 1254 3115 nosbave·

155 3150 307 3211 locitatem
329 3149 425 3229 potius
444 3148 698 3221 Dauosrnnnrs,
716 3165 804 3228 quam
824 3136 1009 3209 Ciceaortrs
1031 3147 1145 3227 copiam
1162 3166 1256 3219 amu·

154 3244 215 3303 lata
232 3242 282 3315 sit,
303 3240 376 3327 licet
395 3240 504 3321 ingenii
525 3242 692 3320 prestantia
713 3252 745 3302 et
764 3240 905 3302 felicitate
925 3239 1043 3320 utrique
1062 3241 1186 3301 multum
1204 3238 1255 3303 ce}

156 3336 271 3397 tiernus.

197 3428 239 3488 Et
259 3425 398 3507 profecto
418 3424 660 3505 quemadmodum
680 3446 717 3488 ea
739 3438 882 3512 tempora,
904 3444 971 3505 que
990 3424 1255 3485 Dertosrrraurrt

155 3522 297 3591 tulerunt,
319 3520 476 3598 imaginem
501 3520 687 3600 Eloquentiae
706 3521 793 3581 nobis
812 3520 1002 3598 reliquerunt,
1022 3536 1109 3596 quam
1131 3517 1257 3577 feliciter

155 3614 261 3675 imitari
275 3612 429 3693 possimus,
448 3611 488 3671 ita
501 3612 646 3689 quandam
665 3611 882 3672 similitudinem
895 3610 982 3688 Reip.
993 3628 1080 3689 quam
1097 3618 1257 3670 tueremur.

156 3708 282 3769 Graecas
301 3707 390 3764 urbes
411 3704 597 3765 Pernrerus
613 3704 651 3763 R.
670 3705 750 3765 bello
771 3702 926 3765 lacessivit.
966 3702 1047 3761 Inter
1064 3720 1114 3761 ees
1131 3701 1258 3762 maxime

154 3801 360 3861 inclaruerunt
375 3798 545 3858 Acunum:
566 3808 679 3857 namet
696 3811 841 3856 armorum
863 3815 919 3855 usu
937 3804 969 3853 et
990 3813 1087 3854 rerum
1108 3804 1259 3873 gestarum

156 3893 238 3957 sema
251 3910 320 3953 eum
334 3889 490 3969 plurimum
506 3906 597 3968 posse
615 3888 797 3961 ridebantur,
818 3888 933 3948 ceteris
951 3884 1039 3945 etiam
1061 3885 1213 3965 providere
1227 3895 1259 3945 et

155 4002 287 4066 preesse
309 3983 453 4042 solebant.
494 3982 539 4040 lbi
554 4000 620 4041 curn
634 3982 766 4041 Macedo
779 3980 934 4042 uonntdlas
956 3980 1087 4039 civitates
1100 3978 1260 4057 largitioni·

155 4080 214 4139 bus
236 4092 434 4153 corrumpere,
458 4074 487 4134 ri
508 4086 539 4134 et
563 4073 711 4133 obsidione
736 4084 894 4133 concutere
922 4074 1021 4152 coepit,
1046 4091 1116 4131 num
1144 4071 1259 4130 Denso-

156 4186 306 4231 sruertrs
322 4166 381 4225 Tui
395 4176 446 4225 eut
460 4166 564 4227 deerat
583 4165 612 4224 in
632 4165 844 4244 prospiciendis
863 4164 1000 4244 periculis
1015 4163 1151 4233 Solertia,
1166 4160 1261 4221 autin

156 4260 353 4324 admonendis
367 4260 565 4338 cogendisque
579 4259 664 4317 sociis
674 4256 828 4329 Sedulitas,
840 4268 891 4317 aut
903 4258 933 4315 in
947 4268 1121 4317 cunctorum
1132 4252 1261 4332 denique

156 4353 262 4415 emeris
281 4351 445 4412 excitandis
469 4350 602 4410 Studium
617 4360 646 4410 et
662 4348 860 4429 Eloquentia?
882 4348 966 4408 Alios
987 4348 1064 4406 enim
1085 4352 1259 4414 nectutem,

158 4466 233 4528 quos
247 4464 346 4524 neque
359 4444 506 4505 latuerunt
520 4444 638 4522 quidem
654 4444 811 4503 Putarem
826 4442 946 4513 insidiae,
961 4458 1059 4518 neque
1076 4435 1201 4517 propriae
1213 4434 1261 4497 fu·
