2984 4917
204 289 289 350 cxcvi
530 283 692 346 REISKlI
721 284 945 344 summio

208 462 319 524 genere
330 437 500 510 communis,
511 449 541 500 et
553 449 585 500 ut
599 439 740 518 praeclara
752 438 875 500 ιιὶὶοιιιιιι
888 436 1006 496 inventa
1017 435 1123 496 iubens
1133 445 1166 496 et
1175 433 1309 516 gestiens

207 555 415 604 commemoro,
427 532 572 605 collaudo,
583 532 761 613 depraedico,
771 532 815 594 sic
824 531 953 612 lapsibus
964 530 1164 592 eorumfacilis
1175 530 1307 610 ignosco.

210 633 308 696 Quam
328 626 452 690 eandam
470 625 639 704 equitatem
659 625 696 686 ab
717 625 780 686 aliis
800 623 1003 705 quoquesnihi
1023 629 1053 682 et
1065 623 1197 702 deposco
1213 634 1244 683 et
1256 643 1309 701 spe

211 719 359 801 prracipio,
378 735 503 796 meoque
525 717 596 776 mihi
613 721 679 793 jure
694 717 877 797 despondeo.
903 714 1110 775 'Contumeliis
1124 714 1175 792 qui
1194 733 1243 773 sne
1256 715 1315 774 aili-
1386 793 1391 799 ι

211 813 300 884 cient,
311 809 463 890 probra-iu
472 827 520 868 me
533 808 583 886 qui
594 807 763 886 conjicient,
778 807 956 868 Adrastaam
968 807 1011 866 illi
1019 806 1099 866 haud
1110 804 1266 886 effugient,
1277 815 1310 864 ut

208 923 305 984 neque
327 902 460 981 Toupius
480 900 591 979 effugit.
631 901 723 960 Juvat
737 899 816 960 enim
835 899 914 959 hune
929 918 994 978 praa
1010 897 1126 957 caeteris
1139 916 1168 956 e.
1187 917 1216 959 c.
1229 916 1309 958 com·

210 1013 391 1064 memorare;
411 1011 478 1070 eum
492 991 570 1070 quod
590 1008 695 1052 recens
711 1011 776 1052 sum
790 1011 808 1050 a
821 991 950 1051 lectione
964 987 1222 1059 Emendationum,
1236 1007 1310 1068 quas

210 1087 241 1150 in
259 1087 378 1148 suidam
392 1085 504 1154 edidit;
522 1096 583 1144 tum
597 1085 677 1163 quod
690 1083 844 1154 lameriti,
857 1084 903 1142 his
920 1083 950 1141 in
963 1082 1048 1142 terris
1068 1081 1173 1142 nostris
1193 1099 1310 1160 magna,

209 1199 347 1259 veruque
361 1185 422 1256 ejus
435 1177 549 1247 laudes,
563 1195 636 1256 quus
657 1177 734 1236 ultro
747 1176 801 1256 ipsi
814 1175 928 1247 defero,
943 1194 1040 1255 neque
1054 1175 1235 1245 obtrectabo,
1249 1194 1310 1235 non

208 1273 307 1337 sinum
326 1291 374 1332 me
396 1269 553 1332 adversarii
572 1281 632 1332 tam
653 1269 756 1330 nobilis
772 1269 892 1348 pudere.
934 1269 1068 1328 Aliorum
1082 1268 1169 1338 enim,
1183 1267 1310 1328 minuto·

212 1385 276 1426 rum
289 1363 471 1434 catellorum,
492 1363 663 1442 ignavorum
677 1374 708 1422 et
726 1361 884 1422 imbellium
896 1363 1031 1432 latratus,
1051 1361 1138 1421 facile
1149 1360 1227 1421 ferat
1241 1361 1311 1420 Mo·

211 1457 304 1520 lossirs
327 1467 359 1516 et
379 1463 555 1515 contemnat.
597 1456 781 1534 Quamquam
803 1454 955 1534 egerrime
976 1452 1051 1524 fero,
1070 1471 1090 1511 a
1103 1455 1215 1527 juvene
1227 1457 1311 1530 (nam

209 1551 350 1628 juvenem
368 1548 424 1608 ists
436 1547 582 1627 scripsisse
597 1547 743 1628 Toupium
763 1557 826 1608 tota
843 1545 1009 1625 scriptionis
1026 1545 1102 1604 rstio
1121 1545 1229 1624 prodit,
1243 1565 1313 1624 pro·

214 1641 287 1703 dunt
306 1659 403 1702 moms
423 1639 507 1702 nimis
521 1640 673 1715 denudati)
692 1646 820 1700 summos
838 1638 925 1708 viros,
947 1637 1141 1717 scaligerum,
1163 1637 1312 1698 Casaubo·

212 1753 294 1805 num,
312 1733 493 1804 Salmasium,
513 1732 777 1805 Hemstcrbusium,
793 1727 969 1802 Ernestimn,
983 1729 1155 1790 intolerabili
1173 1737 1205 1789 et
1216 1730 1313 1809 poenis

215 1824 347 1890 ciuilibus
360 1826 450 1905 digna
463 1825 570 1904 lingum
588 1825 735 1904 protervia
755 1824 913 1904 proscindi,
933 1841 996 1882 rem
1015 1832 1115 1882 minen
1126 1821 1312 1882 banemeam

215 1935 276 1979 non
300 1919 387 1988 facio,
414 1917 537 1977 viderint
551 1918 615 1998 ipsi,
639 1929 692 1978 aut
715 1937 816 1976 eorum
836 1915 980 1985 vindices,
1006 1932 1079 1993 quas
1102 1912 1315 1974 maledicentia

215 2029 317 2092 poenas
338 2013 375 2070 ab
388 2011 508 2070 bonine
522 2015 607 2081 vano,
621 2019 653 2070 et
672 2010 846 2088 arrogantiae
860 2009 947 2088 pleno
959 2016 1104 2086 repetant,
1114 2013 1215 2067 scuria
1226 2025 1313 2086 paene

216 2102 349 2164 dixerim.
390 2100 469 2168 Quid
487 2101 565 2162 emm
578 2101 657 2162 ahud
669 2121 757 2180 quam
770 2101 975 2162 scurrilitatem
993 2097 1150 2170 nominem,
1162 2118 1252 2176 quum
1265 2117 1313 2158 me

215 2194 257 2257 ait
275 2203 371 2256 vestes
394 2194 502 2256 alienas
526 2211 579 2274 pro
602 2211 683 2254 more
706 2213 774 2254 meo
797 2193 1035 2254 commaculasse.
1074 2193 1142 2257 Quo
1165 2189 1217 2251 ille
1237 2190 1314 2252 fetat

216 2287 314 2352 animo
326 2286 350 2345 si
364 2305 422 2364 ego
435 2285 475 2344 illi
488 2287 634 2363 probrum,
647 2285 727 2364 quod
736 2286 850 2364 optimo
857 2291 925 2362 jure
938 2283 1045 2368 possim
1057 2282 1202 2354 laceresi
1214 2283 1313 2354 velim,

215 2378 245 2437 in
259 2397 292 2436 os
306 2379 460 2456 regerem?
485 2376 544 2437 Vix
557 2377 664 2456 pagina
677 2379 714 2438 sit
730 2378 821 2438 totius
834 2377 908 2448 libri,
922 2395 982 2457 qus
999 2395 1059 2434 non
1071 2384 1201 2436 setemm
1215 2387 1315 2437 aucto·

215 2489 280 2535 rum
294 2480 391 2530 vestes
404 2485 459 2548 pro
472 2487 554 2528 more
567 2489 620 2528 suo
635 2470 900 2530 commaculaverit.
940 2469 979 2527 Id
993 2467 1085 2546 quod,
1097 2468 1122 2528 si
1135 2469 1314 2540 accessesit,

215 2561 295 2630 sacili
309 2563 428 2642 negotio
443 2561 535 2640 possit
547 2561 749 2622 demonstrari.
791 2562 876 2622 Tune
887 2561 958 2622 mihi
971 2559 1101 2620 scabiem
1114 2571 1194 2630 tuam
1207 2579 1315 2640 expro-

216 2653 336 2716 brabis?
358 2654 459 2714 Homo
473 2671 651 2732 somnoque
665 2671 712 2713 me
724 2653 802 2732 fugit
813 2659 981 2733 προπέτειαν
995 2650 1126 2713 criticam
1139 2651 1235 2712 labem
1248 2671 1315 2716 esse

215 2742 287 2814 mihi
298 2755 451 2827 cognatam
463 2756 494 2806 et
506 2745 612 2804 intimis
630 2745 711 2806 libris
726 2745 853 2806 infixam.
895 2744 957 2806 Sed
969 2754 1012 2814 tu,
1030 2744 1080 2823 qui
1092 2743 1198 2804 emam
1211 2745 1315 2806 morbo

219 2840 345 2911 laboras,
358 2859 411 2899 eur
424 2849 455 2899 te
466 2856 524 2899 non
538 2838 681 2917 respicis?
701 2858 752 2898 cur
771 2839 871 2918 lapsus
888 2856 969 2896 meos
988 2835 1130 2915 exagitas,
1142 2814 1220 2898 beria
1234 2857 1253 2898 a
1265 2856 1315 2896 me

218 2933 402 3003 traditorum,
413 2935 471 2990 τῶν
486 2929 717 3010 κατορθωμάτων,
731 2929 908 2990 immemor?
930 2929 1036 2988 Peram
1050 2947 1106 2988 cur
1116 2927 1232 2988 excutis
1245 2939 1316 2990 ante

220 3033 324 3107 pectus
338 3025 468 3104 positam,
481 3021 601 3100 postieoe
616 3023 748 3082 oblitus?
773 3021 967 3082 Sedulitatem
981 3039 1112 3099 agnosco
1125 3030 1215 3092 tuam,
1228 3031 1263 3080 'et
1272 3020 1316 3080 fe·
1378 3015 1383 3024 “

218 3117 368 3187 licitatem,
386 3113 555 3174 insontibus
573 3114 736 3192 glossarum
758 3113 857 3175 surde
880 3113 1099 3190 investigabilia.
1139 3113 1315 3176 Fetdsime

218 3227 281 3268 rem
301 3207 389 3286 geris,
402 3205 453 3265 ubi
473 3223 511 3264 ex
532 3205 601 3284 ipris
615 3205 759 3266 cubilibus
773 3205 942 3284 glossarum,
964 3217 995 3264 et
1015 3205 1137 3266 eliorum
1160 3217 1316 3267 auctorum

220 3299 435 3378 comparatione
448 3297 604 3357 emendare
617 3297 695 3358 licet.
737 3298 797 3358 Ubi
814 3307 911 3358 autem
922 3297 1041 3376 ingenio
1052 3299 1183 3378 gerenda
1194 3318 1242 3360 res
1254 3311 1315 3370 est,

93 3389 98 3400 ”
218 3391 259 3450 ibi
274 3389 434 3469 turpissime
448 3389 518 3448 mis.
560 3389 718 3448 Hominem
736 3388 871 3468 profecto
891 3389 934 3448 tui
947 3389 1068 3460 ordinis,
1083 3391 1223 3452 clericum
1236 3391 1316 3452 enim

218 3493 247 3548 te
262 3503 326 3542 csse
341 3481 442 3542 titulus
456 3481 522 3542 libri
536 3481 578 3542 tui
591 3481 706 3552 indicat,
721 3499 782 3542 non
793 3481 921 3542 decebat
933 3481 1100 3542 thrasonem
1117 3501 1207 3562 agere
1220 3483 1262 3544 de
1273 3484 1318 3542 lu·

218 3575 320 3654 punam
343 3574 441 3636 adhuc
464 3574 626 3644 calentem
648 3574 763 3635 veneris
785 3573 947 3654 vulgivapoe
970 3575 1106 3654 mysteria
1124 3574 1318 3655 ἐξορχεῖσθαι,

220 3687 334 3728 summa
347 3667 464 3746 ingenia
474 3667 512 3728 de
526 3667 704 3747 pontequosi
718 3667 858 3743 dejicere.
901 3665 982 3726 Nihil
995 3665 1131 3745 profecto
1142 3667 1318 3728 minuscon·

220 3760 300 3820 seuit
310 3758 378 3818 uiris
391 3758 575 3820 humaniores
590 3759 687 3820 literas
700 3758 848 3839 professis,
861 3777 948 3836 quam
962 3757 991 3816 in
1004 3757 1077 3818 aiios
1087 3759 1164 3818 bene
1177 3767 1216 3820 de
1226 3759 1320 3821 literis

219 3851 326 3911 mereri
339 3859 519 3930 satagentes,
534 3862 693 3912 ettsntum
707 3861 889 3931 praestuntes,
902 3859 1041 3927 quantum
1056 3867 1111 3928 pro
1123 3869 1154 3910 re
1166 3861 1239 3912 natu
1250 3872 1318 3931 pos-

219 3955 296 4014 sunt,
319 3944 414 4003 modis
436 3943 600 4004 inhumanis
623 3945 735 4004 soerire.
777 3943 839 4003 Sed
857 3943 924 4002 boec
943 3941 1046 4002 obiter.
1086 3943 1139 4002 Ad
1161 3962 1224 4002 rem
1243 3963 1319 4024 pras·

219 4043 332 4096 sentem
345 4033 444 4094 redeo.
488 4035 658 4114 Segregavi,
679 4055 765 4095 secus
785 4053 871 4115 quam
886 4033 996 4113 Taylor
1014 4033 1095 4105 fecit,
1113 4035 1258 4096 variantes
1277 4037 1317 4098 ab

219 4125 530 4190 animadversionibus.
572 4127 607 4186 ln
629 4127 674 4188 his
695 4126 832 4206 quicquid
855 4124 884 4184 in
910 4137 996 4186 texto
1017 4125 1160 4188 -Psristne
1182 4127 1319 4190 editionis

219 4219 338 4286 mutavi,
362 4218 464 4279 sedulo
488 4217 623 4279 indicavi.
666 4218 844 4297 Simpliciter
860 4237 927 4278 cum
942 4217 1019 4288 dico,
1040 4219 1158 4295 correxi,
1178 4229 1231 4280 aut
1243 4221 1318 4292 dedi,

220 4312 293 4372 certi
305 4311 390 4370 uelim
403 4310 461 4370 sint
474 4309 611 4390 lectores,
619 4311 650 4371 id
661 4331 699 4372 ex
712 4310 838 4388 antiquis
851 4308 941 4378 libris,
955 4309 1017 4368 sive
1028 4309 1126 4382 editis,
1139 4309 1201 4370 siue
1214 4329 1319 4372 manu·

172 4404 177 4412 '
193 4425 199 4440 ¹
218 4403 344 4485 scriptis,
357 4415 484 4466 sumtum
498 4419 572 4464 esse.
589 4403 666 4464 unde
687 4411 814 4465 sumtum
832 4401 969 4485 quodque
987 4401 1036 4476 sit,
1049 4401 1169 4464 docebit
1181 4402 1255 4464 liber
1269 4424 1321 4470 ua.
