2984 4917
513 308 569 375 AD
591 308 942 375 DEMOSTHENEN.
1212 311 1275 377 site

176 464 346 536 mathesis,
368 462 534 529 secundum
554 462 788 530 distributionem
800 464 885 526 Pauli
906 463 1279 543 trimithuntensium

176 563 282 643 potins,
303 571 409 640 quarta
429 559 503 619 uites
524 560 741 633 Demosthenis,
757 559 859 621 Wolfii
878 571 975 632 notua
997 569 1030 621 et
1048 560 1278 639 gnomologiom,

177 653 355 734 Ulpianique
369 651 603 721 commentarios,
619 652 721 731 quinta
740 652 943 713 tramlationes
963 651 1145 731 quarundam
1166 654 1277 712 Demo·

175 749 374 811 athenicarum
397 756 466 806 ante
489 745 629 805 Wolfium
647 765 704 825 per
722 745 817 805 ramos
834 744 924 805 lotine
938 745 1117 805 redditurum
1137 744 1279 808 continet.

178 842 335 903 tutentur,
344 859 384 901 ex
397 840 456 903 hec
474 837 601 903 editione
615 842 795 914 conjecturae
803 837 939 917 quedam
952 837 1106 897 Wolfisnm
1119 837 1155 911 in
1174 836 1280 915 margi·

177 952 246 995 nem
268 932 410 993 Parisino
430 942 462 993 et
486 930 516 989 in
538 930 663 991 indicem
684 928 830 1001 Lambini,
852 929 991 991 Parisinee
1011 930 1194 1007 subjectum,¹
1211 949 1277 990 esse

178 1026 337 1088 mentm.
357 1068 363 1077 -

217 1118 320 1179 Wolhi
339 1117 540 1197 interpretatio
559 1116 670 1197 prodiit
688 1136 789 1177 rursus
803 1116 935 1178 veneriis
954 1117 992 1177 A.
1006 1121 1096 1180 1550.
1115 1116 1207 1177 tribus
1226 1137 1277 1179 vo·

178 1212 344 1283 luminibus,
358 1210 463 1273 iterrun
475 1210 600 1272 Basiieae
620 1210 656 1271 A.
673 1214 764 1273 1554.
779 1210 809 1269 in
824 1215 873 1271 lu.
894 1230 931 1271 ex
946 1210 1046 1270 Wolfii
1066 1210 1277 1289 recognitione.

179 1304 262 1369 idem
277 1306 319 1368 A.
330 1308 419 1366 1569.
430 1303 556 1365 nortem
566 1302 716 1383 specimen
728 1302 937 1363 Demosthenis
947 1303 1121 1363 ascitorum
1135 1303 1281 1382 recogniti

179 1396 273 1473 dedit,
291 1397 321 1455 in
338 1401 405 1457 bro.
425 1394 503 1475 epod
523 1395 722 1473 Hermagium,
736 1396 890 1455 continent
908 1406 1023 1456 tantum
1036 1396 1182 1457 motiones
1195 1396 1278 1476 olyn-

180 1491 295 1551 thiaces
304 1502 364 1551 tres
377 1500 409 1551 et
419 1490 509 1550 ritem
521 1489 730 1550 Demosthenis
743 1499 775 1549 et
788 1489 931 1549 AEschinis
944 1508 1041 1569 grace
1054 1501 1085 1551 et
1097 1489 1197 1561 latine,
1210 1509 1280 1560 cum

181 1584 415 1647 ennotadonibns
428 1581 643 1663 copiosissimis,
656 1601 723 1661 qum
736 1581 835 1643 omnia
851 1593 920 1641 sunt
938 1582 970 1641 in
985 1581 1112 1643 editione
1125 1581 1221 1655 tertia,
1237 1583 1278 1643 A.

178 1680 270 1741 1572.
280 1676 403 1755 proditu,
418 1676 457 1737 de
470 1695 529 1756 qua
542 1675 632 1755 paulo
645 1682 712 1753 post
725 1674 850 1747 dicetur,
859 1675 1038 1735 verbotenus
1051 1675 1186 1755 repetita.
1225 1674 1277 1738 lu·

177 1766 270 1849 signis
283 1770 340 1831 hoc
354 1770 393 1831 de
406 1768 565 1849 specimine
578 1767 660 1832 locus
680 1766 788 1845 legitur
801 1757 1007 1834 Demosthenis
1020 1766 1160 1827 Wolheni
1174 1766 1212 1831 T.
1223 1767 1277 1829 VI.

178 1882 208 1943 p.
222 1866 294 1925 200.
307 1882 335 1924 o.
347 1872 427 1923 totus
439 1860 663 1933 adscribendus,
673 1860 699 1921 si
712 1870 843 1920 voearet.

611 2096 739 2163 SECT.
762 2096 850 2165 VII.

554 2259 601 2319 De
620 2260 739 2319 editione
760 2258 903 2319 Parisino.

219 2413 400 2475 Succnasrr
415 2413 506 2475 editio
520 2412 648 2475 omnium
662 2414 701 2475 sd
715 2414 747 2476 id
758 2415 901 2497 temporis
920 2413 1155 2495 splendidissima
1167 2424 1197 2475 et
1213 2434 1279 2495 per·

177 2508 338 2568 deotissime
353 2506 469 2568 Parisiis
483 2508 524 2569 A.
543 2510 631 2571 1570.
646 2507 675 2566 in
688 2507 770 2580 folio,
781 2529 847 2589 quse
858 2507 939 2589 quod
952 2508 1063 2567 fundus
1080 2518 1125 2568 est
1146 2509 1280 2569 editionis
1300 2583 1302 2586 Ι

176 2612 297 2671 nostroe,
307 2600 438 2680 pluribus
452 2600 490 2661 de
504 2618 541 2661 ee
551 2598 620 2659 mibi
634 2600 793 2665 dicendum
804 2613 860 2662 est.
902 2600 992 2661 Soleo
1004 2600 1084 2660 illem
1095 2602 1184 2660 modo
1197 2600 1280 2661 Pari·

175 2692 280 2761 dnum,
294 2694 385 2753 modo
397 2692 595 2763 Lutetianam,
610 2702 643 2751 ut
655 2694 709 2753 sub
723 2694 833 2774 stylum
845 2694 936 2763 venit,
950 2693 1106 2773 appellere.
1129 2692 1277 2773 Teylorue

178 2804 243 2845 eam
254 2786 428 2864 plermoque
437 2784 621 2845 Benenatnm
630 2786 770 2864 appellet,
783 2786 861 2866 qnod
874 2786 947 2845 illud
954 2784 1133 2864 exemplum,
1145 2805 1204 2864 quo
1216 2786 1280 2865 ipso

178 2890 318 2947 uteretur,
340 2877 458 2938 Ioannis
472 2877 618 2937 Benenuti
640 2878 816 2957 typographi
834 2897 943 2939 nomen
960 2877 990 2936 in
1011 2877 1096 2937 titulo
1114 2877 1278 2955 praeferret.

180 2970 287 3050 Coepta
300 2970 399 3029 fuerat
411 2969 477 3030 brec
492 2970 582 3029 editio
597 2971 636 3031 A.
654 2974 743 3031 1558.
763 2970 953 3030 aGuiliehno
967 2969 1106 3041 Moralio,
1118 2969 1172 3029 sed
1186 2980 1281 3031 morte

178 3068 252 3138 ejus,
262 3073 294 3124 et
303 3062 387 3123 bellis
397 3062 529 3122 civilibus
544 3061 716 3141 interrupta,
728 3063 779 3122 diu
793 3081 860 3123 cum
868 3061 1019 3141 jacuisset,
1033 3081 1112 3121 enno
1127 3064 1215 3127 1570.
1227 3062 1280 3125 de·

177 3174 256 3215 ntum
278 3154 398 3235 prodiit,
417 3156 497 3235 quod
520 3155 679 3235 Dionysius
696 3155 857 3216 Lambinus
881 3156 912 3214 in
932 3155 1152 3238 prefationibus
1175 3157 1280 3219 iterum

176 3260 266 3327 utque
277 3248 382 3307 iterum
395 3248 535 3317 inculcat,
546 3255 628 3325 cujus
642 3250 733 3309 verba
745 3250 814 3328 quis
826 3250 913 3328 paulo
924 3249 1087 3329 copiosiore
1095 3261 1173 3321 sunt,
1181 3270 1281 3331 operm

177 3360 269 3421 pereo
283 3340 480 3401 adscribendi.
521 3340 626 3401 Multis
640 3340 811 3421 magnisque
831 3342 967 3403 leudibus
985 3341 1051 3403 brec
1066 3342 1156 3403 editio
1169 3343 1281 3423 priores

174 3444 296 3515 superat
308 3452 419 3509 ornnes,
433 3433 488 3495 sed
500 3454 599 3516 neque
610 3454 709 3495 rursus
721 3434 797 3495 vitiis
811 3446 911 3507 ceret;
931 3435 960 3494 id
975 3436 1086 3514 quode
1107 3448 1207 3497 nostra
1224 3438 1281 3498 hac

176 3528 360 3609 praefatione,
378 3527 431 3587 sed
451 3548 469 3587 e
490 3528 565 3588 h'bro
579 3528 752 3587 venantium
774 3528 900 3605 maxime
914 3527 1069 3587 constabit.
1110 3528 1171 3589 Hic
1190 3530 1281 3595 histo·

176 3620 248 3680 mem
262 3626 326 3697 ejus
340 3632 505 3680 contexam.
546 3618 625 3679 Fatis
639 3620 781 3679 defuneto
796 3620 935 3691 Mosello,
951 3620 1000 3699 qui
1014 3618 1071 3679 fuit
1082 3620 1281 3701 typographus

174 3698 286 3793 regins,
301 3714 390 3773 homo
409 3732 522 3793 pauper
542 3711 671 3792 quidem,
686 3723 764 3773 teste
785 3712 940 3784 Lambino,
953 3712 1008 3773 sed
1022 3712 1128 3773 doctus
1147 3725 1179 3774 et
1193 3712 1281 3795 frugi,

176 3828 243 3869 cum
263 3806 445 3889 persenisaet
466 3826 540 3886 opus
560 3806 779 3882 adorationem
795 3806 833 3865 de
847 3805 921 3866 feisa
937 3805 1097 3888 legatione,
1113 3806 1209 3882 jecmt
1228 3828 1282 3887 per

176 3922 281 3965 novem
304 3921 396 3962 annos
406 3912 438 3961 et
450 3901 524 3979 plus,
540 3900 636 3959 donee
647 3899 826 3970 Benenamr,
837 3898 1020 3959 matrimonio
1036 3918 1103 3958 cum
1113 3899 1201 3960 sidus
1211 3900 1282 3965 Me·

174 3996 240 4057 relli
259 4004 422 4064 contracto,
443 3992 533 4053 totius
554 3992 736 4053 instrumenti
757 3991 960 4073 typograpbici
979 3990 1112 4052 hereret
1131 3992 1200 4053 artis
1213 4014 1282 4057 suc·

176 4108 278 4153 cessor
291 4087 398 4158 sactus,
413 4086 452 4147 ad
472 4084 704 4145 continuandum
719 4095 750 4144 et
769 4084 972 4164 peragendum
992 4104 1067 4165 opus
1085 4083 1214 4145 emmim
1227 4088 1281 4153 sd·

172 4184 254 4260 iecit.
297 4180 327 4240 Is
343 4178 514 4259 Dionysium
529 4176 706 4237 Lambinum
719 4177 802 4247 adiit,
816 4190 932 4257 rogans,
947 4188 981 4236 ut
994 4176 1152 4237 editionem
1166 4192 1282 4239 curaret

177 4287 267 4355 etque
281 4273 470 4353 gubernaret,
483 4290 586 4331 rerum
606 4288 643 4329 eo
661 4289 728 4329 cum
750 4271 897 4341 cautione,
909 4290 948 4330 ne
968 4271 1040 4351 quid
1057 4270 1120 4351 ipse
1138 4291 1193 4330 suo
1206 4274 1282 4334 erbi-

173 4379 256 4437 ‚tratn
270 4349 399 4427 intexto
414 4373 550 4434 mutaret,
561 4362 615 4429 sed
630 4360 759 4442 vulgatas
771 4363 939 4423 inhereret.
978 4363 1027 4423 Ite
1039 4362 1163 4423 schedas
1179 4364 1282 4431 More-

178 4460 271 4522 l'ntnas
284 4455 446 4519 Lambinus
461 4456 490 4517 in
504 4456 634 4517 ordinem
648 4456 824 4536 composuit,
840 4456 890 4536 qni
910 4454 1057 4535 geminam
1076 4454 1201 4535 praefixit
1219 4460 1284 4521 edi·
