2984 4917
219 300 280 341 xxx
357 274 361 286 ’
493 279 1034 343 10.BENENAT1PRAEFAT10

217 436 369 497 doctorum
377 454 530 501 sermones
543 454 656 516 semper
676 436 970 509 oontemserimus,'et
979 446 1106 495 nostram
1117 433 1148 492 in
1161 434 1304 494 Cicerone

178 531 183 537 “
216 530 398 589 emendando
418 530 587 591 industriam
606 530 702 590 doctis
722 529 855 589 omnibus
874 531 1025 609 probatam
1045 547 1111 587 esse
1124 538 1305 605 compertum

210 622 384 697 habeamus)
398 622 439 681 ita
457 622 595 700 religiosi,
617 632 649 681 ut
663 622 734 693 dixi,
755 622 786 681 in
805 622 862 683 hnc
883 622 1011 681 editione
1030 619 1148 690 fuimus,
1163 632 1198 679 ut
1209 619 1303 679 lector

214 714 273 773 hoc
285 714 338 773 sibi
353 724 435 773 certo
448 715 617 793 promittere
631 724 729 793 queat,
743 725 774 772 et
787 713 1017 774 Demosthenem
1036 712 1175 781 omniurn,
1186 710 1236 789 qui
1248 730 1303 769 un·

216 822 302 883 quam
323 804 394 864 editi
416 817 492 876 sunt,
508 806 780 878 emendatissimum,
795 804 935 865 Gulielmi
955 803 1084 875 Moralii,
1098 803 1143 863 lo.
1158 803 1303 863 Benenati

184 976 187 983 ἦ
217 916 315 977 opere,
328 898 456 957 nonnihil
470 898 556 959 etiem
571 916 645 968 mes,
658 898 734 976 quod
748 898 866 977 quidem
879 898 910 957 in
923 916 990 957 mea
1001 916 1090 956 manu
1099 896 1165 967 fuit,
1178 915 1256 955 nunc
1269 914 1303 955 se

208 1008 280 1049 -esse
291 989 438 1069 adeptum,
449 1001 481 1050 et
493 990 563 1049 nihil
575 1000 684 1061 umen,
699 988 777 1069 quod
790 990 943 1069 quisquam
955 988 1004 1049 rel
1014 988 1302 1048 malevolentissimus

214 1082 357 1141 criminari
369 1082 469 1162 possit,
482 1083 511 1141 in
526 1101 563 1141 eo
576 1101 641 1143 esse
654 1082 846 1142 immutatum.
876 1081 954 1141 Hoec
967 1091 1009 1151 te,
1018 1080 1122 1149 lector,
1134 1077 1209 1139 scire
1222 1078 1302 1139 volui

209 1175 381 1255 priusquam
406 1175 444 1235 sd
466 1175 694 1235 Demosthenem
715 1174 975 1252 legendumtunm
993 1171 1122 1233 studium
1144 1171 1301 1231 conferres

208 1267 247 1327 si
256 1288 315 1347 qua
327 1286 478 1346 operarum
489 1278 584 1326 emsts
593 1277 669 1338 sunt,
679 1264 803 1327 alienam
812 1266 928 1344 culpam
938 1274 1074 1343 prestere
1085 1282 1144 1321 non
1152 1263 1302 1323 dehemus.

214 1359 291 1509 {ss
301 1368 341 1419 et
352 1358 408 1419 hoc
421 1359 521 1421 lebore
534 1358 640 1419 fruere.
681 1357 808 1419 Lutetiie
827 1376 904 1417 anno
923 1357 988 1417 clo.
998 1356 1045 1417 ln.
1058 1354 1158 1417 Lxx,
1174 1354 1301 1416 Kalend.

310 1633 381 1708 10.
409 1634 750 1711 BENENATUS
770 1632 1199 1709 TYPOGRAPHUS

698 1786 820 1843 Lectori.

253 1903 329 1963 Cum
342 1902 493 1963 duodecim
506 1904 611 1962 abhinc
621 1920 711 1961 anuos
721 1901 885 1961 Gulielmus
899 1900 1043 1959 Morelius
1057 1900 1300 1979 Demosthenem,

213 2006 357 2065 oratorum
370 1995 495 2055 omnium
504 1994 590 2054 facile
603 1994 773 2073 principem,
788 1992 865 2071 typis
873 1993 1012 2052 mandute
1026 1993 1168 2071 coepisset,
1179 2003 1211 2053 et
1224 1993 1300 2053 hunc

212 2086 368 2146 editionem
382 2089 504 2164 primum
518 2086 676 2145 turbulenti
696 2085 861 2164 reipublicae
878 2097 986 2155 motus,
1003 2085 1140 2163 bellaque
1156 2086 1300 2157 intestina,

212 2189 243 2237 et
257 2177 406 2237 difficultas
419 2178 461 2237 rei
478 2177 623 2238 familiaris
643 2196 682 2237 ex
702 2178 785 2236 malis
804 2177 1003 2237 communibus
1020 2188 1096 2248 nata,
1111 2178 1301 2238 intermittere

212 2271 394 2347 coegissent:
420 2270 526 2330 deinde
547 2275 607 2345 ejus
621 2270 673 2328 viri
694 2289 771 2329 mors
789 2269 870 2329 brevi
892 2279 1051 2331 consecuta
1068 2279 1159 2330 totam
1177 2290 1240 2329 rem
1260 2270 1303 2329 ita

210 2360 387 2440 impedisset,
403 2373 434 2421 ut
451 2363 615 2443 perexigua
634 2373 665 2422 et
686 2382 826 2441 perquam
850 2362 943 2421 tenuis
961 2381 1028 2441 spes
1050 2363 1165 2438 ejusde
1185 2362 1301 2442 integro

210 2456 414 2532 aggrediende
429 2456 652 2534 relinqueretur:
663 2456 747 2515 nobis
761 2456 891 2527 tandem,
900 2473 978 2516 anno
990 2455 1150 2534 superiore,
1165 2455 1302 2535 Gregorii

211 2546 391 2609 Nezianzsni
411 2551 448 2609 ah
463 2550 579 2609 vlacobu
594 2549 679 2609 Billis
696 2550 833 2620 Brunoeo,
854 2548 886 2609 S.
900 2549 1054 2609 Michaelis
1074 2549 1103 2607 in
1118 2550 1227 2609 Eremo
1248 2552 1300 2611 ab·

210 2642 289 2713 hate,
304 2642 366 2701 viro
378 2641 469 2701 literis
487 2642 589 2720 graecis
610 2652 640 2701 et
659 2641 764 2713 latinis,
777 2641 913 2720 omnique
927 2642 1058 2701 doctrina
1070 2643 1182 2703 liberali
1194 2662 1301 2723 perpo-

207 2730 319 2811 lito,‚in
334 2734 454 2793 latinum
475 2752 638 2795 sermonem
652 2735 788 2795 conversi
806 2734 935 2795 editione
956 2736 1099 2807 absoluta,
1121 2737 1151 2795 in
1170 2748 1301 2797 mentem

209 2826 300 2897 venit,
314 2826 554 2899 Demosthenem,
569 2847 658 2907 quem
671 2828 708 2889 eb
723 2828 855 2889 omuibus
868 2847 1029 2907 graecarum
1042 2828 1191 2891 literarum
1203 2831 1301 2893 studio

209 2920 315 2981 deditis
336 2920 421 2980 valde
442 2922 532 2981 amari
553 2932 641 3002 atque
663 2922 763 3002 expeti
785 2922 957 2993 sciebamus,
976 2923 1134 3003 aliquando
1153 2934 1299 3002 repetere,

208 3019 327 3093 ejusque
342 3014 499 3074 editionem
519 3016 685 3076 inchoatam
698 3016 827 3075 relictam
841 3016 1003 3081 absolvere.
1044 3017 1101 3077 Cui
1119 3018 1200 3077 oneri
1213 3018 1300 3079 susti·

207 3107 306 3165 nendo
323 3124 391 3163 cum
412 3105 548 3164 humeros
571 3117 685 3164 nostros
705 3106 845 3165 invalidos
868 3126 931 3165 esse
954 3107 1039 3165 facile
1062 3108 1299 3183 intelligeremus,

207 3199 267 3258 sire
281 3206 393 3255 sumtus
407 3194 436 3253 in
451 3215 487 3255 co
506 3196 624 3273 negotio
636 3195 799 3268 faciendus,
812 3196 873 3254 sive
887 3195 1041 3256 difficultas
1055 3197 1084 3254 in
1098 3198 1236 3277 exemplo
1251 3218 1298 3261 re.

207 3287 425 3367 cognoscendo,
436 3297 467 3346 et
480 3287 686 3366 scripturarum
696 3288 882 3347 varietatibus
895 3286 1122 3359 considerandis,
1136 3308 1173 3349 sc
1183 3290 1298 3353 scholiis

207 3382 307 3443 ordine
321 3379 516 3459 disponendis,
538 3391 730 3459 spectaretur,
744 3380 884 3439 auxilium
905 3382 942 3440 ab
955 3380 1020 3439 aliis
1039 3382 1124 3441 nobis
1137 3386 1297 3461 petendum

208 3496 271 3537 esse
292 3473 527 3534 existimavimus.
568 3474 609 3534 Et
629 3476 708 3553 quod
728 3475 768 3534 ad
790 3486 916 3534 sumtum
939 3477 1057 3555 quidem
1080 3478 1193 3551 attinet,
1214 3482 1296 3545 hune

207 3568 316 3629 nodum
330 3586 388 3625 nun
403 3578 459 3625 tam
474 3566 543 3637 cito,
556 3586 653 3649 neque
667 3568 752 3629 facile
766 3568 980 3649 expedivimus:
1001 3571 1094 3631 nitere
1111 3583 1209 3633 autem
1223 3576 1297 3636 dilli-

206 3664 298 3725 cultas
313 3682 371 3721 non
392 3660 484 3721 multo
498 3662 589 3723 minor
602 3664 742 3724 restsbst:
761 3663 880 3743 qusqui
893 3683 946 3723 nos
960 3663 1105 3736 libentius,
1118 3678 1169 3727 aut
1183 3668 1297 3729 facilius

207 3760 326 3827 lersret,
346 3776 433 3835 quam
446 3754 605 3835 Dionysius
618 3756 786 3828 Lambinus,
800 3756 947 3817 literarum
967 3778 1129 3835 graecarum
1149 3760 1297 3839 professor

208 3851 329 3929 Regius,
343 3868 401 3907 non
422 3848 598 3909 videbamus.
638 3850 743 3927 ltaque
764 3870 832 3909 cum
856 3850 895 3909 ad
916 3868 981 3910 eum
1002 3850 1244 3931 confugissemus,
1256 3856 1295 3915 sb

207 3962 301 4023 eoque
315 3940 523 4021 petivissemus,
537 3952 568 4000 ut
586 3941 668 4003 nobis
690 3952 774 4002 tanto
794 3940 874 4001 oneri
886 3939 1009 4001 ferundo
1032 3942 1188 4022 imparibus
1209 3965 1296 4025 opem

207 4038 312 4103 ferret:
335 4035 384 4093 ille
397 4034 544 4103 continuo,
557 4054 618 4113 ’pro
639 4053 694 4094 sua
707 4054 778 4113 erga
795 4053 895 4094 omnes
915 4034 1104 4108 humanitate,
1118 4046 1149 4095 et
1167 4057 1220 4116 pro
1241 4059 1296 4099 suo

206 4130 236 4190 in
249 4127 391 4189 literas-et
402 4126 550 4186 liternrurn
568 4126 709 4187 studiosos
720 4146 827 4197 amore,
842 4126 997 4207 dequibus
1011 4127 1230 4189 benemerendi
1241 4148 1296 4189 ns·

207 4242 265 4301 que
285 4220 384 4293 linem,
405 4238 503 4297 neque
520 4219 638 4279 modum
659 4220 751 4279 ullum
771 4219 872 4281 iacere
891 4229 998 4298 potest,
1019 4220 1147 4299 quemvis
1170 4231 1249 4281 esset
1265 4222 1296 4281 in

208 4316 269 4376 aliis
289 4314 385 4384 rebus,
405 4312 497 4391 iisque
515 4310 688 4372 difficillimis
707 4322 738 4371 et
753 4303 909 4372 utilissimis
923 4312 965 4370 rei
979 4312 1114 4371 literaria
1127 4313 1232 4373 futuris
1245 4333 1296 4375 oce

207 4420 338 4487 capatus,
351 4406 432 4467 nobis
452 4424 568 4485 operam
590 4424 671 4465 suam
693 4404 838 4483 pollicitus
852 4415 897 4465 est
917 4417 948 4464 et
968 4404 1139 4483 promissum
1160 4406 1295 4470 exsolvit:
