2984 4917
578 791 983 897 RUDIGERI
1037 851 1042 861 ·

766 1040 803 1076 Al>

373 1185 666 1254 ORATIONE&
689 1181 1042 1254 onYN't‘fflncAs
1076 1181 1199 1249 'ultus
1324 1205 1330 1226 ¹

311 1371 314 1378 ’
502 1314 1079 1456 Pnonnuomnue.

237 1577 276 1637 tu
298 1579 490 1652 orationibus,
512 1594 580 1660 quse
602 1581 742 1642 dicuntur
762 1581 960 1662 Olynthiscte,
981 1579 1198 1642 Demosthenes
1220 1577 1333 1639 suirnos

238 1669 343 1731 civium
359 1692 541 1733 commovere
555 1673 666 1746 studet,
680 1683 714 1735 ut
728 1669 896 1755 Olynthum
909 1675 948 1735 sb
962 1674 1074 1753 impetn
1092 1673 1219 1752 Philippi
1232 1671 1334 1732 delen·

237 1763 330 1824 dant:
358 1785 424 1824 nam
446 1777 555 1825 metum
578 1786 653 1846 esse,
675 1787 711 1827 ne
734 1766 872 1839 Macedo,
896 1767 947 1828 illa
970 1767 1043 1826 urbe
1063 1774 1161 1844 captur,
1185 1765 1215 1823 in
1235 1767 1333 1842 lpsunr

238 1857 461 1918 Atheniensium
486 1879 586 1936 agrum
607 1857 736 1919 invadat.
779 1859 896 1919 Etenim
911 1858 1086 1939 Olynthus’
1101 1858 1158 1916 sits
1179 1857 1217 1914 ad
1238 1855 1333 1914 sinum

236 1949 415 2010 Toronaeum
429 1951 480 2011 LX
495 1951 588 2012 ferme
603 1953 696 2012 stadia
711 1953 750 2011 ab
762 1951 892 2013 Potidaea
907 1952 936 2011 in
948 1946 1234 2024 editoloco,('1¹huc.
1247 1948 1336 2018 Led.

236 2041 309 2102 dicit
323 2041 383 2103 ἔστι
398 2047 568 2125 καταφανὲς,
589 2043 688 2104 Schul.
707 2045 811 2105 addit:
833 2045 942 2122 ὑψηλὸν
957 2049 1014 2123 γὰρ
1027 2043 1058 2104 τὸ
1071 2049 1175 2124 χωρίον
1196 2039 1336 2114 ἣὌλυν·

237 2133 313 2207 sos.)
333 2148 454 2196 auctore
478 2137 582 2217 Steplr.
598 2139 670 2218 Byr.
686 2138 725 2198 ab
741 2137 886 2216 Olyntho,
901 2135 963 2196 lilio
981 2137 1129 2206 Herculis,
1144 2133 1264 2195 condita
1278 2143 1335 2206 est,

238 2238 372 2288 narrante
389 2249 458 2288 vero
481 2230 596 2290 Conon.
619 2237 648 2291 4.
670 2229 709 2288 ab
729 2229 871 2310 Olyntho,
896 2229 1072 2310 Strymonis,
1094 2230 1170 2308 regis
1189 2227 1336 2300 Threciae,

238 2317 310 2392 lilio,
325 2320 377 2398 qui
396 2340 502 2381 venans
521 2342 537 2382 a
558 2323 642 2382 leone
663 2323 808 2381 laceratus
828 2321 877 2381 illo
898 2323 967 2381 loco
987 2321 1119 2400 sepultus
1139 2330 1215 2391 erat,
1230 2338 1336 2379 nomen

237 2413 361 2490 accepit.
404 2413 521 2474 Graeeae
542 2413 663 2492 originis
685 2433 750 2474 eam
770 2413 859 2474 luisse
873 2413 946 2474 dicit
962 2413 1108 2473 Herodot.
1122 2413 1194 2482 Vll,
1208 2415 1289 2482 122,
1303 2418 1336 2470 et
1431 2477 1434 2481 φ

236 2502 397 2581 antiquitus
416 2505 593 2565 auctoritate
613 2516 643 2565 et
666 2515 822 2584 potestate
830 2503 974 2576 duruisse,
988 2505 1034 2565 vel
1054 2505 1124 2564 hinc
1148 2502 1337 2574 concluseris,

235 2593 327 2671 quod,
350 2616 441 2674 quum
462 2595 580 2676 Olymp.
605 2589 655 2668 97,
683 2605 713 2658 4.
736 2597 933 2658 Athenienses
955 2597 1064 2657 bellum
1092 2594 1337 2656 Chalcidensibus

237 2685 414 2756 intulissent,
431 2687 459 2746 hi
473 2685 682 2766 Olynthiorum
698 2690 890 2768 implorarent
907 2687 1058 2758 auxilium,
1073 2685 1125 2765 qui
1136 2685 1241 2746 ceteris
1256 2687 1336 2747 urhi-

237 2779 292 2839 bus
308 2779 461 2859 praefuisse
474 2779 623 2854 ridentur,
642 2781 837 2841 Athenienses
851 2781 920 2859 luga
932 2800 964 2841 se
974 2779 1137 2839 Potidmam
1150 2787 1336 2858 receperunt.

237 2873 345 2932 Narrat
365 2873 429 2934 brec
444 2873 541 2934 Thuc.
557 2874 599 2945 ll,
615 2879 663 2937 79.
708 2875 789 2934 ldem
803 2884 908 2934 auctor
926 2884 984 2943 est,
996 2873 1061 2948 (tv,
1078 2871 1158 2947 tas.)
1172 2869 1335 2943 Brasidam,

238 2963 419 3038 Mendaeunr,
431 2983 522 3044 quum
535 2965 646 3026 bellum
660 2975 763 3026 contrs
772 2966 966 3026 Athenienses
980 2974 1104 3042 gereret,
1116 2962 1237 3043 Olymp.
1247 2969 1337 3035 99,1“.

238 3071 355 3117 suorum
370 3058 477 3118 liberos
490 3057 665 3120 subduxisse
684 3057 860 3140 Olynthum,
874 3057 962 3134 cuius
978 3055 1083 3116 locolae
1098 3055 1156 3134 ipsi
1168 3055 1280 3132 (Thuc.
1295 3056 1336 3128 V,

237 3151 300 3226 99.)
320 3151 545 3230 Mecybernam,
560 3171 649 3232 quam
667 3152 890 3212 Atheniensium
906 3148 1076 3229 praesidium
1090 3147 1238 3208 obsessam
1253 3145 1336 3208 leuel

238 3232 299 3313 hat,
314 3243 412 3302 adorti
425 3250 488 3302 es'se
504 3241 670 3304 traduntur.
703 3242 760 3303 Sed
777 3241 1026 3321 quemadmodum
1041 3240 1109 3313 hoc,
1124 3257 1186 3317 quo
1199 3238 1337 3313 diximus,

237 3343 368 3412 tempore
382 3332 515 3414 Olynthii
530 3355 597 3395 cum
614 3335 849 3396 Atheniensibus
863 3331 1071 3412 confligebant,
1082 3331 1122 3392 its
1133 3331 1265 3392 videmus
1280 3330 1338 3392 illis

234 3425 286 3486 Ol.
303 3431 353 3488 99.
372 3433 403 3487 2.
418 3433 447 3488 ³.
467 3427 733 3488 aLacedaemoniis
753 3427 862 3488 bellum
884 3425 1002 3486 lolerrl:
1022 3425 1109 3501 cujus
1131 3423 1173 3483 rei
1195 3424 1260 3484 brec
1281 3424 1338 3484 luit

235 3535 335 3580 cause.
366 3522 530 3600 Amyntas,
547 3539 597 3580 rex
613 3519 824 3592 Macedonum,
837 3520 877 3579 ab
891 3518 998 3597 Illyriis
1014 3515 1108 3576 victus
1123 3526 1155 3578 et
1168 3534 1285 3595 pressus
1298 3515 1337 3575 ab

235 3611 395 3692 Olynthiis,
404 3613 450 3672 his
463 3633 598 3694 magnum
608 3611 694 3672 vicini
705 3611 768 3692 agri
780 3624 906 3672 tractum
919 3611 1060 3690 permisit.
1076 3609 1165 3669 Diod.
1175 3607 1234 3670 Sic.
1247 3608 1335 3682 xlv,
1366 3617 1371 3629 “

234 3711 284 3766 99.
309 3704 380 3777 XV,
400 3713 450 3768 19.
493 3705 589 3774 Quem
614 3705 664 3764 ille
687 3723 792 3783 quum,
808 3705 916 3763 viribus
938 3703 1116 3777 instauratis,
1136 3713 1286 3782 repeteret
1308 3713 1339 3764 et

232 3795 367 3875 Olynthii
383 3817 413 3856 se
428 3785 594 3858 reddituros
610 3805 758 3880 negarent,
774 3816 860 3875 opem
886 3796 1176 3856 Lacedaemoniorum
1197 3796 1337 3874 implora·

234 3888 295 3948 vit:
317 3888 453 3971 Olynthii
469 3909 537 3949 vero
551 3889 639 3950 urbes
653 3889 845 3950 Chalcidicas
859 3889 889 3947 in
904 3887 975 3947 belli
989 3887 1159 3948 societatem
1179 3888 1337 3948 arcessire·

234 3993 319 4049 runt:
342 3984 421 4059 qnod
438 3981 497 4044 illm
512 4001 590 4058 aegre
606 3983 708 4042 tulisse
723 3981 871 4041 videntur.
913 3981 990 4040 Nam
1006 3979 1092 4057 legati
1106 4001 1143 4039 ex
1154 3981 1291 4040 Acantho
1307 3989 1338 4041 et

233 4074 401 4151 Apollonia,
415 4075 539 4134 urbibus
549 4073 740 4144 Chalcidicis,
752 4083 895 4132 venerunt
907 4073 1042 4150 Spartam
1053 4065 1191 4132 auxilium
1207 4072 1337 4150 petituri.

234 4165 325 4242 Apud
342 4165 482 4244 Xenopb.
499 4165 538 4225 H.
556 4169 599 4226 G.
612 4167 651 4238 V,
665 4173 695 4238 2,
711 4171 760 4226 12.
784 4165 874 4244 legati
890 4165 1033 4224 interulis
1049 4165 1132 4225 luteo:
1154 4165 1263 4244 ὅτιμὲν
1277 4169 1336 4243 ydp

231 4268 287 4317 τῶν
303 4259 354 4332 1ἐπὶ
374 4257 486 4338 Θρᾴκης
506 4265 628 4342 μεγίστη
643 4257 898 4329 πόλιςὍλννθος,
915 4258 1018 4338 σχεδὸν
1039 4258 1145 4324 πάντες
1168 4256 1336 4317 irrisi-urhe.

265 4427 280 4456 ⁸
298 4427 348 4476 (lla.
364 4427 458 4474 omniuo
472 4427 573 4485 Jacobs,
591 4427 631 4490 qui
648 4427 749 4476 sessioni
767 4429 896 4477 vernaculus
912 4429 992 4477 heran
1010 4427 1186 4488 oroth-prm.
1203 4424 1338 4490 squ-turso·

231 4501 365 4554 ductionem
376 4503 497 4565 ‚muts
