2984 4917
390 278 448 343 AD
470 280 599 355 SUUM,
614 282 840 352 DEMOSTH.
861 278 1047 347 PRAEFAT.
1152 284 1265 348 lmril

163 477 182 521 Ι.
202 431 274 504 lion
294 444 395 499 autem
415 437 580 515 ineonaulto
601 440 694 520 prima
714 438 867 521 agreditur
883 438 951 505 heo
968 438 1135 505 orationum
1155 436 1266 499 Demo·

157 524 357 605 Morum
369 530 579 613 divieio,quam
591 532 717 604 Wolliua,
736 532 852 597 urtam
869 530 1040 603 oonatituitt
1060 532 1164 609 ioque
1175 530 1265 612 etlam

159 630 246 701 purte
259 634 369 685 noatroe
382 624 492 704 paritor
513 626 649 697 editionir
662 626 782 688 demum
802 626 859 687 erit
878 624 1057 704 reponenda.
1098 623 1221 686 Scilicet
1232 620 1266 684 id

161 710 333 791 faetum‘ett
346 716 520 779 auctoritate
532 718 793 797 precellentiraimi
806 728 897 796 atque
908 715 1123 785 honoratiatimi
1132 714 1209 789 Vni,
1218 710 1266 777 oui

162 822 223 865 non
236 806 332 867 colum
345 819 467 869 cunctae
488 810 577 887 hujus
597 810 741 885 editioni,
762 828 865 871 rerum
885 810 975 870 etiam
994 808 1063 883 rita
1081 826 1159 869 mete
1176 815 1267 887 atque

162 895 251 957 officii
269 898 400 960 rationes
419 900 523 960 merito
543 920 596 963 auo
616 902 744 963 maximo
765 902 871 962 lubens
890 900 1041 960 submitto.
1089 900 1167 961 Cum
1188 898 1268 959 enim

164 989 366 1070 unuaquiaque
384 1000 480 1053 totnur
503 993 608 1053 seriem
632 991 796 1053 orationum
808 992 1031 1073 complectatur,
1046 1010 1114 1071 qam
1126 1002 1159 1051 et
1178 1009 1268 1070 πμ·

165 1080 257 1139 menti
271 1092 386 1155 murra,
409 1102 561 1145 causamn
580 1084 692 1146 radoae
717 1096 747 1145 et
768 1102 879 1164 genere
902 1083 1006 1144 orandi
1025 1101 1045 1143 e
1065 1082 1180 1142 ceteria
1198 1092 1269 1141 aunt

165 1170 320 1247 distinctae
334 1185 366 1235 et
379 1175 438 1233 auia
454 1176 536 1263 quasi
555 1175 694 1237 limitibus
716 1176 962 1257 circumscriptae,
982 1187 1014 1236 et
1032 1194 1135 1254 parum
1153 1172 1269 1235 idcireo

165 1264 298 1338 referret,
312 1286 372 1345 quo
392 1264 494 1329 ordine
514 1286 751 1349 unumquemque
773 1280 825 1328 aut
837 1268 916 1349 typis
928 1264 1109 1340 mandarem,
1119 1277 1172 1326 aut
1185 1265 1270 1327 deni·

166 1376 224 1435 que
238 1357 425 1436 evurlgarem:
446 1376 513 1421 cum
525 1360 594 1432 hoc,
607 1358 737 1440 inquam,
750 1361 997 1439 eaeetintegmm,
1014 1359 1083 1421 ideo
1101 1358 1205 1420 meluit
1214 1357 1269 1419 Vir

166 1448 371 1525 nobilieaimua,
383 1452 479 1511 uthaa
498 1452 644 1512 orationea
665 1452 828 1514 emitterem
847 1439 966 1533 primae,
984 1471 1061 1531 qua,
1073 1470 1140 1511 cum
1153 1450 1269 1513 coeteria

168 1530 253 1601 {tullo
270 1558 376 1621 genere
393 1542 488 1603 laudia
509 1542 626 1615 cedant,
646 1552 709 1602 tum
731 1544 819 1602 etiam
839 1542 981 1618 ejusmodi
999 1543 1065 1615 aiut,
1084 1554 1119 1603 ut
1136 1544 1270 1607 nontate

169 1634 298 1714 qmdam
318 1634 458 1697 lectorem
480 1636 627 1696 eruditum
642 1634 796 1695 ‘delectare
816 1632 939 1714 pomiat.
988 1635 1107 1695 Accidit
1127 1635 1215 1708 enim,
1239 1634 1271 1695 id

167 1726 248 1805 quod
266 1724 377 1787 infinite
387 1727 452 1789 fere
466 1728 643 1809 experientia
656 1726 856 1806 cognovimus,
877 1736 913 1785 nt
929 1728 1125 1807 unusquisque
1141 1746 1220 1807 pene
1239 1729 1271 1787 in

166 1820 201 1881 iia
217 1821 406 1893 orationibus,
420 1842 488 1903 quer
507 1842 599 1904 remp.
614 1832 646 1883 et
657 1820 784 1882 civitatis
795 1819 923 1881 rationes
936 1830 1081 1901 spectent,
1105 1832 1270 1899 occupatur

167 1924 199 1976 et
208 1914 292 1995 quati
305 1914 461 1975 conclurus
472 1914 672 1986 detineretur3
692 1912 857 1995 paucissimi
870 1925 970 1974 autem
983 1912 1085 1973 ueaeio
1094 1932 1154 1994 qua
1165 1913 1272 1975 inertia
1299 1962 1305 1969 .

167 2014 200 2069 ae'
213 2004 340 2087 produci
358 2006 487 2068 sinerent
507 2008 554 2068 vel
574 2008 612 2069 ad
632 2006 889 2087 contemplandam
910 2025 976 2067 eam
989 2006 1271 2084 subtilitatemque

168 2100 198 2159 in
211 2098 359 2179 Leptinen
376 2100 522 2173 enitescit,
533 2102 581 2161 vel
599 2098 741 2180 impetum
754 2100 837 2159 illum
851 2110 882 2159 et
895 2098 1070 2171 uiolentiam,
1084 2098 1197 2179 quein
1210 2097 1272 2171 Mi-

169 2194 257 2253 diana
270 2193 454 2265 dominatur,
474 2214 571 2275 aeque
591 2212 680 2275 porro
701 2192 909 2273 intelligerent,
924 2192 1029 2272 quioua
1047 2190 1167 2264 acalcie,
1181 2208 1270 2270 quam

169 2298 275 2368 argute
288 2286 430 2359 oratione,
444 2296 475 2345 et
486 2297 596 2367 quanto
615 2282 792 2365 eloquentie
811 2284 941 2357 flumine,
958 2283 1128 2365 perniciouir
1140 2283 1270 2363 legibue,

170 2377 335 2457 cujusmodi
354 2390 437 2439 erant
456 2378 514 2438 ille
533 2378 571 2439 ab
586 2378 778 2449 Aristocrate,
799 2388 830 2437 et
848 2376 1049 2439 allmocrute
1073 2386 1196 2458 rogate,
1208 2376 1270 2439 elo·

170 2472 377 2554 quentiaaimua
390 2472 440 2533 ille
453 2470 533 2546 ciria,
546 2472 617 2553 reip.
633 2490 733 2544 causa
746 2468 911 2531 restitisset.

176 2632 184 2659 ⁴
209 2652 361 2713 volumen
381 2650 631 2723 interea.11.,aive
647 2662 744 2713 tomua
755 2653 815 2724 ille,
826 2652 876 2734 qui
885 2650 1028 2713 AEachinis
1042 2650 1188 2714 orationes
1200 2662 1272 2727 trec,

170 2736 201 2805 et
216 2746 290 2806 duat
305 2743 515 2805 Demoithenir
537 2744 722 2817 ἁηιπᾶλονς,
738 2766 781 2808 sc.
796 2745 834 2805 de
852 2760 1005 2828 perperam
1025 2745 1105 2805 obita
1121 2745 1272 2825 legatione

170 2857 269 2911 unam,
283 2838 404 2899 alteram
420 2837 458 2896 de
478 2854 589 2895 corona
606 2838 818 2917 complectitur,
832 2854 940 2915 magna
952 2856 989 2896 ex
999 2846 1082 2915 parte
1091 2841 1153 2911 jam
1166 2847 1212 2896 eat
1223 2838 1273 2895 eb-

172 2932 297 2990 aolutut.
338 2928 397 2996 Qui
411 2928 460 2989 ubi
481 2928 636 2990 conlectus
654 2929 754 3002 luerit,
772 2928 858 2991 aimili
877 2928 945 3007 lege
963 2938 995 2989 et
1012 2926 1180 2988 conditione
1199 2925 1272 2987 laxo

175 3020 210 3119 itt
223 3020 408 3083 distrahetur.
541 3092 544 3099 Δ

178 3212 183 3223 ’
199 3200 387 3263 ‘Monendua
400 3218 434 3263 ea
447 3221 543 3283 porro,
564 3192 656 3264 amice
670 3202 774 3276 lector,
788 3202 871 3267 nobie
884 3208 947 3281 jam
960 3202 1123 3264 institutum
1141 3220 1206 3264 erre
1225 3220 1272 3264 ae·

172 3295 277 3356 cundia
291 3294 427 3367 coneiliia,
442 3315 508 3374 que
521 3294 677 3375 aliquando
695 3297 808 3358 ratione
825 3298 955 3370 vincuat,
972 3298 1062 3358 telam
1078 3297 1165 3369 hanc,
1183 3316 1272 3377 quum

170 3396 278 3458 texere
291 3386 481 3469 occoepimua,
494 3386 524 3447 in
533 3386 660 3473 quinque
672 3387 733 3449 eive
743 3404 850 3469 parter,
864 3390 925 3450 aive
936 3389 1084 3451 volumina
1094 3389 1274 3468 diapeacere.

173 3481 288 3541 auctor
302 3480 377 3561 ipee,
393 3500 451 3539 non
462 3480 610 3541 Wolfiauo
623 3482 716 3561 magis
726 3482 856 3553 consilio,
872 3502 957 3561 quam
970 3500 1078 3560 genere
1087 3480 1272 3553 concionum,

170 3572 378 3652 quadrifar'um
392 3571 585 3633 distribuitur.
627 3574 694 3639 Quo
708 3573 795 3652 igitur
814 3574 958 3643 abaoluto,
976 3584 1072 3633 tomua
1088 3573 1138 3633 ille
1157 3583 1273 3652 postre-

171 3684 237 3733 mua
255 3664 395 3745 accipiet,
413 3664 489 3725 inter
500 3664 567 3737 alia,
587 3678 783 3739 monumenta,
802 3688 869 3747 quae
883 3668 964 3726 Vett.
981 3666 1137 3746 scriptores
1151 3665 1275 3737 devita,

170 3758 326 3839 ricriptirve
341 3756 550 3818 Demosthenis
564 3769 622 3819 etc.
634 3758 725 3819 literis
747 3760 973 3838 consignarunt:
995 3757 1123 3837 Ulpiani,
1135 3756 1273 3818 aliorum·

169 3852 240 3933 que,
254 3872 322 3934 que
336 3849 498 3930 comparari
512 3860 642 3933 poscunt,
655 3852 767 3912 acholio
779 3852 818 3913 ad
831 3863 943 3912 textum
960 3848 1192 3923 accommodata,
1210 3863 1243 3913 et
1254 3869 1275 3912 a

168 3945 287 4008 mendis
300 3954 475 4025 repurgata:
489 3962 594 4003 novam
610 3944 829 4005 adnotationum
843 3944 958 4015 seriem,
972 3942 996 4003 ei
1011 3962 1071 4023 qua
1082 3942 1160 4003 forte
1173 3963 1276 4005 occur·

168 4050 240 4101 rant
250 4038 298 4099 rel
311 4036 487 4119 explicatius
499 4036 708 4108 confirmanda,
721 4037 769 4097 vel
782 4037 813 4095 in
826 4036 930 4097 melior
943 4036 1100 4096 mutanda:
1115 4034 1273 4097 merorum

164 4131 316 4195 lectione·
328 4129 432 4203 variar,
443 4129 558 4211 quaein
569 4130 644 4191 notia
657 4128 761 4190 noatria
779 4150 839 4189 non
857 4130 1021 4209 attigimus:
1043 4129 1178 4191 Indieem
1191 4130 1274 4193 deni·
1377 4176 1386 4183 .

168 4219 232 4312 igue
246 4224 369 4287 atticum
382 4222 563 4284 locutionum
576 4222 756 4284 uberrimum
769 4234 856 4302 atque
870 4234 1052 4284 accuratum.

180 4316 340 4404 r,Patietur
352 4337 438 4396 oequo
449 4316 545 4377 animo
556 4317 650 4377 lector
661 4335 743 4377 meua
758 4336 791 4376 ae
805 4334 880 4376 ame
895 4316 991 4376 denuo
1004 4314 1158 4387 obsecrari,
1168 4314 1210 4375 uti
1225 4336 1275 4376 no·

169 4409 208 4473 lit
217 4412 264 4473 'v'el
273 4408 443 4491 MStorum,
459 4411 484 4502 si
495 4429 552 4491 qua
561 4410 657 4483 fuerit,
672 4410 816 4484 notitiam,
830 4410 877 4470 vel
890 4410 920 4469 in
931 4409 1165 4469 Demosthenem
1175 4409 1276 4471 obser·
