2984 4917
234 350 313 411 xliiii
567 342 819 409 HIERONYMI
840 336 994 407 WOLFII

232 498 384 576 rideblmr,
397 506 430 563 'et
442 500 555 571 antius,
571 500 595 562 is
608 501 719 582 cogitet
732 504 829 578 sebon,
844 502 939 585 ipsum
954 492 1186 565 Demosthenem
1198 494 1264 581 plus
1276 492 1328 563 hle

232 599 304 657 bere
317 595 422 655 ossium
436 604 642 667 atoariorum,
657 611 744 674 quarn
765 598 911 676 sanguinis
930 606 961 657 et
975 596 1080 657 carnis.
1118 594 1163 656 Ut
1174 594 1265 673 igimr
1276 594 1327 654 ills

235 689 376 769 (volentes
390 689 519 766 quidem)
533 689 561 747 ei
575 706 633 748 non
646 685 837 764 detraximus,
850 692 891 751 ita
904 692 969 751 baec
982 690 1094 750 addere
1107 705 1165 749 nou
1178 678 1268 747 luerit
1281 687 1327 745 in·

233 780 379 861 terpretis,
394 781 447 840 ssd
457 781 662 860 paraphrastis,
676 796 729 842 suo
743 785 881 844 arbitratu
895 783 1094 844 declamantis.
1136 782 1244 841 Cicero
1254 795 1326 860 pro·

231 874 322 943 fecto,
334 871 358 933 si
368 874 395 933 ei
406 888 502 933 causae
512 874 624 932 eaedem
637 876 763 953 agendae
775 877 906 946 luissent,
917 877 1006 953 longe
1020 876 1120 954 utique
1132 875 1163 931 in
1177 874 1324 953 plerisque

232 972 369 1042 majorem
382 975 550 1045 apparatum
564 967 716 1024 verborum
731 967 908 1028 adhibuisset
919 987 939 1025 ε’
955 979 986 1027 et
999 984 1064 1045 quaa
1077 986 1096 1026 a
1108 977 1207 1025 nomio
1221 975 1325 1025 sutore

231 1054 357 1119 indicata
366 1068 433 1118 sunt
444 1058 558 1117 brevius
568 1070 598 1116 et
607 1059 760 1131 occultius,
770 1061 896 1120 dicendo
905 1059 1086 1119 extendisset
1097 1068 1128 1116 et
1140 1057 1324 1117 illustrasset.

232 1152 319 1219 Quod
333 1172 369 1211 an
387 1150 416 1209 in
430 1150 618 1210 conversione
637 1152 799 1212 orationum
814 1152 1024 1212 Demosthenis
1042 1161 1073 1209 et
1087 1150 1236 1209 AEschinis'
1249 1149 1325 1209 inter

232 1260 265 1305 se
285 1244 492 1305 contrariarum
512 1242 565 1303 sibi
584 1244 775 1322 permissurus
791 1244 889 1317 fuerit,
910 1244 1045 1323 equidem
1065 1242 1175 1302 nescio.
1217 1242 1280 1301 Sed
1299 1243 1324 1302 sl

232 1353 282 1396 aas
306 1336 450 1397 orationes
469 1336 611 1395 convertit
629 1338 698 1414 (qua
718 1338 758 1396 de
776 1356 809 1397 re
832 1336 972 1419 quosdam
993 1345 1095 1396 acutos
1115 1334 1247 1394 homines
1264 1351 1324 1394 non

232 1430 348 1487 mnnino
361 1428 422 1487 sinc
435 1446 523 1488 causa
534 1428 666 1487 dubitare
678 1428 785 1505 video),
797 1447 861 1489 eam
871 1430 1010 1489 rationem
1018 1426 1097 1488 haud
1106 1428 1193 1486 dubie
1203 1437 1325 1486 secutus

231 1532 286 1593 est,
303 1540 388 1601 qnam
402 1538 435 1580 sa
448 1534 579 1581 secutum
595 1538 659 1581 esse
675 1522 835 1601 profitetur.
878 1524 982 1606 Atque¹
999 1523 1111 1581 utinam
1126 1529 1258 1579 exstaret
1273 1518 1324 1579 illa

231 1614 398 1675 conversio:
418 1630 492 1692 quse,
507 1613 690 1694 quantumvis
703 1615 821 1695 elegans
833 1615 932 1685 luerit,
946 1614 1034 1674 talem
1048 1613 1138 1672 fuisse
1151 1624 1249 1673 umen
1263 1627 1324 1671 noa

230 1719 310 1787 puto,
332 1707 542 1766 intonationem
562 1726 615 1786 pro
635 1707 751 1767 Milone
770 1709 871 1786 legere
893 1726 951 1766 uon
972 1705 1129 1765 mallemus.
1171 1704 1227 1764 Est
1243 1705 1322 1765 enim

231 1800 383 1859 dunssima
395 1800 552 1879 provincis,
568 1801 682 1879 pectori
700 1798 795 1859 alieno
811 1810 892 1858 tuum
914 1817 946 1857 os
961 1797 1193 1869 accommodare,
1206 1816 1242 1857 ac
1257 1800 1322 1876 ejus

231 1892 389 1953 sententias
408 1892 465 1952 tuis
478 1892 573 1950 verbis
592 1902 623 1950 et
643 1892 709 1949 stilo
729 1890 874 1969 persequi.
915 1889 1001 1956 Quod
1018 1890 1049 1948 iu
1068 1890 1133 1968 ipso
1149 1900 1322 1968 argumento

229 1988 285 2045 ros
295 1984 562 2057 daranahonhdyur
576 1980 751 2061 explicando
763 1982 803 2060 (in
813 2000 871 2059 quo
881 1981 1052 2061 nescioquo
1060 1982 1149 2041 modo
1158 1982 1247 2041 dictio
1255 1994 1322 2042 esse

228 2078 352 2137 sterilior
365 2074 487 2151 ridetur)
502 2074 564 2155 ipse
579 2075 684 2136 Cicero
697 2092 755 2133 non
769 2074 946 2135 ‹bsaimulatr
964 2094 983 2134 a
996 2080 1078 2151 cnjus
1091 2076 1205 2134 radone
1218 2074 1242 2133 si
1255 2085 1323 2135 mea

232 2170 350 2239 multum
365 2166 526 2235 dissidebit,
548 2167 579 2226 id
598 2168 652 2226 erit
669 2184 727 2225 non
739 2165 891 2238 voluntati,
905 2166 957 2226 sed
977 2166 1167 2227 imbecillitati
1186 2184 1270 2239 mere,
1289 2176 1321 2228 st

229 2260 470 2341 occupationibus
490 2271 521 2319 et
538 2259 712 2319 festinationi
727 2259 922 2332 tribuendum,
944 2281 997 2341 per
1017 2280 1105 2341 quam
1120 2259 1259 2319 facillime
1277 2260 1321 2331 fir,

228 2366 261 2415 ut
273 2356 310 2415 ab
325 2353 432 2414 autoris
445 2352 597 2424 sententia,
611 2352 728 2411 tametsi
741 2372 801 2412 non
814 2353 942 2425 aberres,
957 2354 987 2412 iu
998 2354 1100 2433 graecis
1113 2364 1214 2413 tamen
1225 2354 1321 2414 verbis

228 2445 451 2507 annumerandis
463 2445 576 2505 fidelior
594 2445 642 2516 sis,
662 2463 749 2523 quam
763 2456 906 2524 oporteat,
929 2456 960 2505 et
980 2446 1146 2527 imprudens
1160 2445 1318 2525 aliquando

225 2540 397 2600 latinitatem
418 2548 640 2617 praetervectus,
661 2538 888 2598 Demosthenice
902 2538 1006 2618 magis,
1026 2558 1113 2617 quam
1127 2539 1319 2600 Ciceroniana

227 2632 317 2691 dicas.
359 2630 492 2701 Praestiti,
506 2631 586 2708 quod
596 2630 676 2710 potui
689 2651 696 2690 :
708 2630 811 2709 ctplus
822 2630 993 2709 potuissem,
1006 2630 1031 2690 si
1039 2636 1152 2707 justum
1162 2643 1276 2712 tempus
1287 2640 1319 2692 et

227 2726 351 2805 spatium
365 2722 463 2783 datum
476 2720 588 2782 suisset.
609 2723 696 2782 Nunc
710 2732 755 2782 est
768 2742 805 2781 ea
815 2722 1008 2781 studiosorum
1017 2725 1164 2784 bominum
1178 2726 1318 2796 amatus,

225 2830 259 2877 ut
272 2818 328 2877 sint
338 2817 437 2897 quovis
448 2814 575 2876 cerdone
588 2816 750 2877 miseriores
763 2827 792 2876 el
804 2816 993 2893 abjectiores:
1007 2836 1105 2896 neque
1116 2815 1255 2898 profecto
1264 2816 1318 2876 mi·

226 2930 290 2971 rum
304 2922 389 2982 esset,
400 2910 525 2991 aliquem
539 2910 680 2991 poenitere
693 2922 723 2971 et
732 2910 840 2991 ingenii
854 2921 885 2971 et
895 2911 1043 2971 industrioe
1057 2929 1126 2983 suae,
1141 2913 1165 2972 si
1182 2914 1224 2972 ita
1236 2930 1316 2971 com·

224 3015 358 3086 paratum
379 3016 435 3073 est,
456 3014 489 3063 ut
509 3004 558 3082 qui
572 3005 650 3063 fame
669 3005 765 3083 perire
784 3005 863 3075 nolit,
878 3005 908 3064 ei
919 3022 993 3083 pene
1011 3002 1069 3064 sint
1081 3023 1182 3066 omues
1196 3004 1318 3083 indigui—

226 3109 301 3157 tates
315 3095 505 3176 perferenda.
548 3096 609 3154 Sed
622 3098 752 3173 quereloe
766 3113 826 3155 non
846 3107 914 3155 aunt
932 3097 1019 3171 hujus
1036 3096 1112 3156 loci:
1132 3115 1229 3174 neque
1249 3095 1317 3155 nini

226 3206 304 3248 nunc
317 3186 494 3266 propositum
509 3194 554 3243 cst
573 3186 687 3246 scilicet
699 3186 845 3245 fortunam
858 3204 953 3245 meam
967 3186 1127 3264 deplorare.
1168 3186 1202 3243 ln
1216 3200 1253 3252 ea
1265 3206 1319 3265 po·

226 3280 279 3339 tius
294 3289 338 3338 est
352 3277 570 3349 elaborandum,
585 3291 617 3338 ut
631 3280 688 3339 hoc
702 3296 799 3338 meum
813 3298 897 3357 opus,
910 3293 1087 3359 quocunque
1099 3277 1161 3337 sire
1180 3296 1317 3341 successu

226 3372 287 3432 sive
301 3370 451 3449 dispendio
462 3368 637 3441 confectum,
653 3371 833 3430 excellentiae
847 3382 906 3429 tuae
923 3390 981 3430 non
995 3372 1184 3451 improbetur.
1225 3376 1316 3441 Quod

226 3476 259 3525 nt
273 3464 334 3523 iore
347 3463 501 3533 confidam,
515 3464 608 3523 multa
627 3463 657 3521 in
678 3482 768 3524 causa
782 3475 859 3535 sunt,
879 3482 915 3522 ae
928 3464 958 3522 in
972 3462 1070 3543 primis
1091 3467 1259 3544 praestantia
1271 3467 1314 3526 in·

225 3559 302 3638 genii
315 3556 357 3617 tui
373 3568 401 3615 et
416 3556 601 3617 emditionis:
621 3558 672 3635 qui
686 3576 752 3617 curn
772 3557 810 3616 sis
824 3568 944 3637 propter
956 3557 1142 3637 amplissimas
1152 3578 1223 3639 opes
1238 3562 1315 3639 (quot

225 3666 256 3711 et
268 3650 338 3729 ipsae
352 3648 464 3727 insigne
473 3648 532 3709 Dei
543 3649 649 3708 donum
664 3660 742 3719 siunt,
754 3660 785 3709 et
798 3651 876 3709 bono
885 3669 921 3709 sc
932 3651 1056 3730 sapienti
1066 3652 1127 3710 viro
1137 3652 1314 3712 luculentum

224 3743 333 3804 virtutis
347 3741 578 3817 instrumentum)
591 3742 800 3821 suspiciendus,
813 3752 844 3803 et
860 3755 982 3823 propter
1000 3745 1224 3806 beneficentiam
1237 3757 1269 3804 et
1281 3746 1314 3803 li·

223 3834 404 3895 beralitatem
419 3834 577 3894 colendus:
599 3854 644 3893 ese
661 3845 728 3894 sunt
749 3824 858 3914 ingenii
872 3847 903 3905 et
916 3837 1003 3897 antimi
1016 3838 1059 3896 tui
1071 3837 1166 3908 dotes,
1180 3848 1214 3895 ut
1226 3838 1315 3897 ctiam

224 3930 286 3989 sine
300 3928 423 3988 fortuna
437 3927 593 4007 splendore
606 3928 635 3985 in
656 3928 768 4007 magnis
787 3930 853 3988 viris
866 3949 946 3989 esses
967 3928 1172 3990 numerandus.
1212 3932 1314 3995 Quan-

225 4040 310 4104 quam
324 4022 400 4080 enim
420 4040 477 4099 ego
492 4032 522 4079 te
543 4039 641 4080 coram
660 4039 810 4099 nunquam
824 4022 891 4093 vidi,
904 4031 1007 4082 natura
1019 4033 1117 4082 tamen
1130 4022 1172 4081 ita
1190 4022 1256 4091 fert,
1271 4032 1313 4093 ut,

224 4112 364 4194 quicquid
377 4112 406 4170 in
420 4112 507 4171 rebus
522 4110 651 4173 humanis
665 4113 791 4185 excellit,
805 4115 922 4173 auribus
936 4114 1036 4192 magis,
1051 4132 1137 4194 quam
1150 4114 1250 4186 oculis,
1264 4127 1313 4175 eet
1391 4188 1395 4198 '

223 4205 368 4267 lebretor:
383 4205 462 4285 quod
471 4202 548 4264 fama
557 4205 704 4265 dissertare
714 4206 803 4266 focile
812 4206 849 4265 ad
860 4206 975 4277 multos,
988 4207 1091 4266 eadem
1102 4206 1218 4267 videndi
1228 4207 1315 4287 copia

223 4318 281 4359 non
303 4297 436 4358 omnibus
460 4298 628 4376 confingere
642 4308 749 4378 potest.
792 4300 966 4359 Celebratur
978 4317 997 4359 a
1013 4299 1121 4370 multis,
1134 4300 1228 4379 iisque
1241 4316 1314 4381 pror·

223 4392 366 4452 mantibus
380 4390 457 4461 siris,
471 4390 596 4450 felicitas
609 4391 718 4471 ingenii
730 4392 784 4462 tui,
798 4393 878 4472 qnod
891 4392 1058 4471 ubieunque
1071 4392 1249 4466 intendatur,
1263 4412 1313 4454 va-

221 4484 292 4557 leat,
302 4496 359 4545 tum
371 4484 587 4565 philosophicis,
597 4504 683 4563 quam
694 4485 822 4547 civilibus
832 4486 862 4545 in
875 4486 981 4547 rebus:
1001 4486 1166 4547 celebratus
1177 4488 1313 4559 eruditio,
