2984 4917
501 334 564 399 AD
586 334 939 401 ΒΕΜΟΒΤΗΕΝΕΜ.
1207 338 1268 401 alti

164 488 287 559 mnu,
309 505 399 567 quern
418 484 507 549 turn
527 484 646 566 reliqua
665 488 819 559 editirma
832 496 939 567 preter
958 447 1268 561 waltramnus

162 590 325 644 maest.
367 576 467 639 Prima
480 577 638 651 Wolfisna,
659 598 721 658 qua
739 598 837 649 careo,
858 578 884 641 si
902 579 1042 659 epistolas
1059 582 1268 652 Demosthenis

161 682 325 744 amtenet,
340 671 380 731 de
390 670 594 749 *qnoriderint
608 672 714 751 quibus
727 672 815 751 copia
823 671 928 751 primm
939 673 1095 735 Wolfianas
1108 688 1163 750 est,
1173 678 1267 757 prima

163 766 247 828 deda
261 784 314 826 eas
333 762 475 825 Parisios.
488 782 556 825 nam
575 764 606 825 in
618 764 751 845 epistolis
765 764 974 827 Demosthenis
991 766 1058 828 finit
1076 767 1151 831 hee·
1163 770 1267 837 editio.

162 862 309 923 nmtiue
326 860 395 919 loeo
408 858 534 937 adjecta
553 870 622 919 sunt
640 859 729 920 rarior
749 858 892 919 laedones
912 868 944 919 et
964 870 1044 921 notes
1063 860 1095 921 in
1117 863 1267 929 annones

163 950 373 1014 Dunostbenis
392 960 424 1009 et
435 950 477 1010 in
497 950 611 1012 scholia
625 950 756 1031 Ulpiani.
785 950 958 1013 Videbimus
970 950 1010 1013 de
1029 951 1176 1031 biepnulo
1188 967 1267 1035 post.

163 1046 293 1107 lnstimit
308 1043 455 1105 Moreilus
476 1042 622 1105 orationes
641 1043 851 1105 Demosthenis
869 1044 900 1102 in
915 1044 1113 1125 paragraphus
1126 1046 1268 1123 dividere,

163 1140 269 1221 quibus
281 1136 398 1199 numeri
411 1135 455 1196 sni
469 1144 538 1197 sunt
555 1136 584 1197 in
604 1138 736 1216 margine
751 1136 882 1197 interiori
901 1137 1037 1217 appositi.
1078 1137 1116 1199 1n
1128 1140 1267 1201 exteritni

35 1244 39 1252 “
163 1244 230 1293 sunt
250 1230 342 1292 iidem
361 1228 474 1289 numeri
494 1228 610 1289 scholiis
631 1230 735 1303 additi,
748 1250 809 1309 quo
822 1230 922 1289 statim
940 1228 1064 1291 inveniri
1084 1240 1268 1313 possetque

163 1324 307 1383 scholium
330 1322 469 1403 quodque
494 1318 681 1383 referendum
695 1332 790 1394 essem
813 1322 903 1383 ramas
925 1320 1070 1385 lectiones
1089 1324 1129 1385 nd
1148 1334 1267 1385 texnrm

161 1417 342 1497 pertinentes
357 1422 506 1493 occupant
518 1414 680 1493 marginem
697 1414 877 1485 interiorem,
895 1415 1071 1477 exteriorem
1090 1427 1190 1479 autem
1210 1438 1266 1491 ea.

161 1528 230 1588 qna
243 1507 281 1567 ad
300 1504 414 1577 &olis
431 1504 567 1566 redeunt.
609 1506 682 1567 Pars
702 1526 750 1579 ea,
768 1526 858 1586 quem
875 1508 987 1567 curant
1000 1509 1155 1583 Metellus,
1166 1510 1267 1575 multis

163 1599 257 1659 modis
269 1608 391 1679 prestat
404 1596 479 1678 parti
491 1596 645 1677 posteriori
659 1618 678 1659 a
690 1598 838 1659 Lambino
850 1600 972 1660 curate.
1013 1600 1189 1663 Chattorum
1202 1603 1267 1682 ipsa

160 1692 255 1754 forma
277 1710 396 1762 novum,
415 1690 470 1751 sed
491 1690 665 1751 deteriorem
686 1690 837 1752 dominnm
859 1700 891 1751 et
907 1692 1136 1770 gubernatorem
1154 1696 1267 1775 prodit.

160 1784 280 1847 chum
292 1785 324 1843 in
333 1794 416 1863 parte
430 1782 597 1845 Moreliana
610 1792 679 1845 sunt
690 1784 794 1855 firme,
810 1794 842 1845 et
854 1782 998 1856 madidas,
1011 1785 1043 1845 in
1055 1798 1140 1865 parte
1154 1807 1202 1859 ea,
1214 1788 1267 1851 otti

161 1878 307 1957 prosim
328 1875 488 1936 Lambinus
510 1887 540 1936 at
552 1876 732 1947 Benenatus,
751 1887 821 1937 sum
841 1888 957 1955 tenues,
977 1876 1122 1949 flaccidas,
1144 1880 1264 1953 bibula,

161 1970 298 2031 sordidas.
339 1970 376 2028 In
389 1968 478 2049 priori
496 1980 581 2050 parts
595 1990 656 2031 non
668 1971 739 2031 satis
753 1970 851 2031 mirari
869 1989 989 2050 possum
1003 1971 1266 2037 demonstratam

161 2060 293 2121 Morello
316 2060 506 2139 diligentiam,
528 2062 567 2121 ad
589 2062 726 2123 minutias
749 2081 830 2143 saepe
852 2060 1061 2134 delabentem
1083 2064 1169 2125 obsiti
1192 2076 1265 2131 sunt

160 2154 334 2234 spbsissima
347 2153 432 2233 copia
445 2152 618 2214 variantium
631 2154 778 2233 margines
797 2152 874 2215 illius
891 2154 994 2233 prime
1006 2154 1113 2234 partim
1132 2156 1265 2228 oodiess,

160 2246 239 2307 unde
260 2242 388 2325 quisque
408 2244 497 2305 lectio
518 2258 598 2306 esset
616 2257 720 2318 summ,
742 2246 874 2309 indiosti.
915 2248 953 2307 In
972 2261 1056 2329 parte
1070 2248 1265 2313 Lambinisns

160 2339 253 2399 multo
267 2337 393 2397 rariores
406 2337 562 2399 radentes
575 2338 720 2412 lectionis,
731 2350 763 2401 et
774 2360 841 2420 qma
851 2339 970 2400 tandem
979 2341 1152 2420 afferuntur,
1160 2362 1265 2404 esrum

159 2450 244 2513 pene
266 2430 377 2509 ubique
398 2430 541 2492 retinetur
562 2432 741 2503 auetoritass
765 2432 914 2513 plerequs
934 2432 1037 2493 harum
1059 2446 1131 2495 sunt
1154 2445 1207 2495 snt
1225 2454 1265 2498 ex

161 2524 283 2595 Aldine,
297 2534 348 2584 ant
357 2534 396 2583 et
412 2522 554 2605 Obsoprei
567 2525 678 2598 codiee,
693 2524 745 2606 (de
758 2544 818 2605 qun
830 2524 911 2605 post)
924 2536 975 2587 ant
989 2526 1165 2601 Feliciones,
1178 2540 1232 2589 ent
1243 2548 1264 2591 s

160 2615 346 2689 Manutinns,
369 2626 479 2707 tuter
502 2616 561 2677 alio
582 2617 719 2701 quop'mm
742 2628 873 2691 suetore,
897 2618 1086 2699 oonqnisiter
1108 2622 1263 2685 rarissima

159 2720 235 2783 runt
258 2730 332 2789 quas
354 2708 508 2789 stupioeris
534 2730 553 2772 e
577 2710 727 2773 codicibus
752 2711 841 2791 regiis
869 2709 1008 2773 Parisinis
1037 2732 1105 2773 esse
1130 2712 1263 2783 bamma

159 2803 269 2864 Nescio
289 2822 328 2863 an
341 2803 503 2865 Lambinus
523 2822 576 2865 eos
596 2824 746 2884 nunquam
767 2804 937 2883 inspexerit,
955 2804 1016 2865 sire
1030 2803 1111 2884 quod
1128 2806 1263 2879 laborent

159 2896 326 2977 defugeret,
340 2895 400 2955 sire
410 2896 490 2975 quod
500 2914 603 2957 eorum
616 2896 701 2976 coma
712 2896 768 2976 ipsi
778 2906 945 2975 negaremr,
955 2896 1038 2976 quod
1045 2896 1188 2959 credibile
1199 2916 1263 2963 non

159 2998 214 3049 est.
265 2988 337 3048 Pars
358 2987 526 3049 Moralisns
546 2988 783 3049 emendat'usims
802 2998 858 3059 est,
878 2985 928 3047 rix
947 3006 1040 3049 unum
1057 3000 1112 3049 aut
1135 2988 1263 3053 alterum

158 3080 292 3161 spbslme
304 3090 421 3160 typogr.
433 3080 465 3139 in
480 3100 518 3142 es
528 3081 647 3141 memini
661 3076 896 3157 depremndere.
936 3076 1010 3139 Pars
1023 3088 1129 3141 onnus
1138 3078 1263 3144 Lambi-

157 3174 246 3235 nisns
257 3173 373 3233 mendis
385 3182 480 3233 sostet
493 3185 524 3233 et
537 3190 659 3232 numero
671 3168 803 3250 plurimis
817 3180 850 3229 et
861 3166 1037 3232 fedissimis.
1066 3170 1114 3233 .In
1127 3171 1261 3238 Motella

157 3265 413 3346 intemperentiam
431 3263 591 3345 diligentia
603 3266 720 3335 notea*
734 3262 768 3321 in
779 3260 925 3323 Lanminn
937 3260 1142 3326 incredibilem
1159 3283 1264 3333 mcor,-

157 3358 235 3419 diam
249 3370 282 3419 et
300 3358 437 3438 inopiam.
478 3358 624 3418 Mosellas
644 3354 783 3417 codicum
801 3372 920 3413 suorum
932 3353 981 3415 rel
992 3354 1163 3433 quisquilias
1181 3356 1262 3436 ipsas

157 3470 290 3513 commas
303 3450 387 3511 nobis
399 3450 529 3531 ingessit,
543 3450 704 3511 Lambinus
718 3466 758 3508 ne
770 3462 901 3526 gemmas
913 3445 1032 3528 qnidam
1048 3447 1119 3509 inde
1137 3450 1261 3529 conqui-

156 3546 231 3617 sivit,
253 3544 460 3605 dissimillimus
477 3544 624 3606 decessori
646 3560 808 3604 successor.
829 3540 926 3600 entim
938 3540 1167 3601 dmonsnmst
1179 3542 1270 3623 unde¹

155 3639 314 3701 lectionem
328 3656 474 3718 quamque
487 3638 648 3699 sumsisset.
687 3634 757 3698 Jsm
766 3652 841 3695 reso
853 3630 968 3693 nescias
979 3631 1051 3713 quid
1065 3632 1164 3695 codici
1174 3642 1260 3707 msto,

156 3732 227 3813 qnid
245 3732 396 3811 impressu,
417 3740 449 3791 et
467 3731 523 3803 cui,
537 3730 608 3811 quid
628 3730 717 3812 ipsius
731 3725 869 3788 Lambini
889 3726 1033 3787 debeatur
1052 3724 1183 3806 ingenio,
1207 3738 1261 3793 sut

157 3824 277 3895 Wolfli;
297 3842 365 3885 nam
386 3832 417 3885 et
436 3828 498 3901 ejus
519 3830 713 3902 conjecturas,
731 3834 857 3884 sudore
868 3820 971 3892 mito,
984 3820 1057 3881 alias
1075 3818 1109 3881 in
1125 3821 1261 3903 margine

156 3919 334 3991 Lutetiam,
349 3918 420 3979 alias
432 3918 463 3977 in
476 3918 572 3979 indice
585 3918 693 3981 retulit.
721 3917 818 3977 Index
829 3914 879 3975 hic
889 3933 950 3974 non
963 3932 1058 3974 meras
1070 3916 1259 3993 conjecturas

156 4008 294 4073 Lambini
307 4014 428 4092 praebet,
442 4013 521 4097 quod
532 4012 642 4093 Taylor
652 4010 787 4093 opinatus
798 4019 844 4071 est
855 4010 945 4088 (raras
954 4006 1073 4088 quidem
1087 4008 1152 4069 illas
1164 4010 1260 4083 tenet>
1326 4064 1331 4073 .

157 4106 211 4168 sed
229 4106 385 4187 plerasque
398 4103 544 4166 lectiones
556 4105 674 4169 Aldinae
688 4114 739 4167 eut
753 4104 873 4165 aliarum
886 4112 1069 4163 vetustarum
1081 4100 1260 4172 editionnmq
1351 4175 1355 4181 Δ

191 4312 206 4343 ·
222 4308 362 4376 nupturae
374 4326 400 4373 p.
412 4310 470 4365 2³1·
481 4308 535 4374 86.)
544 4309 672 4361 odiliam
683 4308 813 4361 uranu
822 4324 869 4372 pre
881 4310 968 4358 mats
980 4309 1129 4363 fistulam
1140 4306 1261 4369 wilm

156 4386 270 4449 malint.
286 4386 328 4451 (Τ.
339 4388 375 4435 11.
388 4400 413 4449 p.
426 4389 483 4437 tos
494 4384 532 4447 1.)
558 4386 639 4435 Ediu'o
652 4387 765 4437 mma
773 4387 845 4450 lunga
855 4386 953 4449 optima,
963 4386 1027 4446 qnod
1037 4384 1067 4431 ad
1078 4388 1215 4431 mntem
1225 4388 1262 4436 sl·

157 4462 224 4511 tinet
242 4460 369 4509 llsrkland
377 4462 407 4511 sd
418 4476 444 4525 p.
455 4462 512 4513 ³0⁴.
525 4464 566 4511 ts.

198 4564 275 4610 voti.
298 4566 321 4611 Ι.
740 4574 761 4613 3
