2984 4917
491 334 550 401 an
571 336 922 405 anuosrunuasa
1125 337 1262 404 sumu
1369 322 1373 328 ’

152 486 304 555 intoedum
319 500 419 553 nmen
438 494 526 555 etism
546 490 856 567 admodum‘absurde
870 494 901 554 in
913 495 1011 557 media
1024 497 1179 558 sententia.
1194 514 1259 556 cre·

155 588 217 647 bre
231 585 316 656 alias,
324 585 402 646 ‘alias
421 602 503 646 raras.
523 588 629 648 breves
649 576 795 668 quaedam,
815 588 881 648 alise
903 582 1103 668 longiuscula,
1125 600 1160 650 ut
1181 608 1261 669 soepe

159 679 239 739 nulla
251 678 328 738 ratio
341 690 496 758 appareret
508 679 593 757 hujus
606 680 636 739 in
646 679 805 740 dividendo
816 680 1028 742 inconstantiae.
1069 682 1137 761 Ego
1151 694 1260 753 tamen,

158 781 191 831 ut
204 772 243 831 de
256 780 389 831 veterum
400 771 513 832 ratium
523 772 613 832 libros
626 772 782 833 Demoatb.
796 772 992 852 distinguendi
1005 774 1090 834 nobis
1100 782 1263 842 constaret,
1310 760 1320 767 ⁵

157 862 317 924 servandas
330 874 418 942 atque
431 866 684 944 repraesentandae
696 866 755 925 bac
769 865 898 927 editione
910 884 979 927 mea
991 866 1063 926 duxi
1081 868 1145 927 illas
1160 856 1263 926 distin-

157 956 282 1015 ctiones.
324 955 428 1035 ltaque
446 956 694 1036 paragnpborum
715 956 806 1028 initia,
826 978 893 1037 quse
913 969 997 1019 erant
1019 958 1049 1017 in
1070 960 1176 1019 codice
1195 959 1261 1017 Au·

158 1060 294 1129 gustatio,
306 1048 441 1128 designat
448 1049 540 1109 editio
549 1054 679 1129 nostra†
693 1049 839 1130 apposita,
850 1059 884 1109 ut
890 1050 1086 1129 paragraphus
1097 1049 1228 1110 Bararici
1239 1051 1257 1127 p

156 1162 223 1222 que
239 1152 311 1203 sunt
325 1141 383 1201 illis
401 1142 495 1203 multo
514 1143 647 1203 remores.
667 1143 717 1204 ubi
738 1152 865 1223 uterque
886 1143 983 1203 codex
1002 1142 1206 1203 consentiebat
1226 1144 1259 1202 in

156 1235 262 1295 cadem
276 1233 472 1306 distinctione,
485 1233 526 1295 ibi
539 1235 624 1294 ambo
637 1235 720 1294 istac
737 1234 823 1314 signa
836 1235 880 1295 sic
893 1234 1026 1315 copulavi
1037 1236 1092 1313 Μ.
1131 1231 1258 1294 scholiis

157 1322 268 1407 oppleti
281 1338 367 1387 eram
386 1322 543 1406 margines,
556 1346 649 1407 usque
662 1327 702 1387 ad
716 1327 942 1387 Timocratssm.
962 1345 1031 1388 nam
1049 1326 1258 1407 pacatioribus

156 1421 314 1500 adspersae,
328 1438 441 1500 pauca,
453 1429 485 1479 et
497 1438 517 1479 a
528 1438 603 1479 nora
615 1438 713 1489 manu,
728 1418 874 1500 scriptura
893 1419 1022 1490 indocta,
1044 1439 1112 1500 quse
1124 1419 1185 1498 legi
1198 1438 1260 1479 non

155 1522 266 1593 posset.
290 1514 293 1522 “
306 1512 428 1573 Scholia
439 1510 506 1573 boec
519 1511 577 1573 alia
589 1512 620 1571 in
633 1512 788 1592 Ulpiaueis
806 1513 953 1592 leguntur,
967 1513 1025 1573 alis
1037 1512 1068 1573 in
1081 1512 1128 1573 his
1141 1512 1258 1574 deside·-

156 1614 265 1665 rantur.
307 1604 412 1665 Edidit
430 1622 468 1665 ea
480 1604 618 1684 Wolfius,
636 1605 692 1665 sed
708 1605 836 1685 pessima
853 1604 926 1665 fide.
967 1604 1027 1665 Pro
1047 1605 1144 1665 verbis
1163 1604 1258 1665 Scho-

153 1695 246 1755 lasse
259 1692 444 1768 alienissima,
457 1714 477 1756 a
494 1714 566 1757 sana
578 1696 692 1757 ratione
703 1705 734 1756 et
746 1697 784 1757 ab
795 1714 851 1757 usu
863 1695 971 1775 lingua
989 1696 1184 1767 abhorrentia,
1202 1716 1258 1776 pro

156 1786 260 1858 lubitu,
275 1786 348 1846 mira
361 1796 392 1847 et
403 1787 524 1849 immani
544 1786 673 1860 licemia,
687 1808 745 1847 non
759 1787 871 1847 monito
888 1787 1011 1858 lectore,
1032 1786 1163 1866 ingessit.
1177 1789 1259 1865 quod

154 1878 270 1939 lacinus
284 1877 312 1939 ei
333 1897 394 1939 non
406 1880 540 1958 ignosco,
554 1880 671 1941 tametsi
682 1898 804 1968 qseram
817 1876 1011 1940 Demostheni
1020 1880 1058 1939 ab
1071 1898 1108 1939 eo
1120 1888 1257 1938 navatam

154 1970 359 2050 magnifacio.
400 1970 460 2031 Vix
486 1982 558 2053 puto
582 1991 760 2054 quemquam
779 1972 811 2031 in
834 1972 927 2033 ullum
951 1983 1103 2033 auctorem
1125 1982 1258 2032 veterem

155 2074 237 2124 tanta
258 2062 478 2142 inportunitate
501 2076 666 2145 musetum
689 2084 767 2143 esse,
789 2084 829 2124 ne
849 2064 885 2126 P.
907 2064 1070 2125 Castellum
1089 2063 1208 2143 quidem
1225 2062 1257 2122 in

156 2153 347 2214 Ammianum
361 2156 577 2229 Marcellinum,
592 2176 680 2236 quem
694 2165 842 2236 grassatus
855 2167 902 2215 est
914 2156 1003 2217 Wolf
1015 2158 1046 2215 in
1058 2155 1123 2215 brec
1136 2155 1257 2216 scholis.

155 2246 259 2307 Fidem
268 2246 361 2308 faciet
371 2248 463 2309 editio
476 2258 576 2309 nostra
587 2269 636 2309 mc
655 2268 718 2310 rem
730 2248 862 2310 credone
874 2268 936 2308 non
945 2248 1136 2329 exaggerdre·
1164 2248 1258 2309 Nulla

154 2338 195 2399 ibi
215 2338 380 2399 orationum
400 2354 585 2421 argumenta,
604 2341 657 2401 nisi
680 2342 711 2400 in
725 2340 922 2421 Olyntbiacis,
943 2360 1067 2421 quorum
1085 2339 1257 2417 sanantem

154 2442 275 2493 euomre
287 2433 432 2493 festinans
455 2434 563 2493 oblitus
585 2453 659 2493 sum.
700 2434 770 2495 lata
790 2434 871 2514 quod
888 2452 943 2493 nos
965 2431 1184 2503 subscribimus,
1204 2431 1256 2491 ille

155 2528 345 2605 Augustanus
363 2544 477 2607 semper
490 2526 582 2586 babet
594 2526 688 2586 litera
707 2526 746 2585 ad
767 2526 844 2585 lama
856 2525 1045 2605 adscriptum,
1057 2534 1091 2582 ut
1102 2543 1131 2583 e.
1144 2544 1172 2582 c.
1184 2520 1256 2596 Boa-

155 2622 211 2689 λῆι,
228 2620 343 2694 etrapit,
357 2620 498 2696 ζημιωθῆι,
509 2616 588 2676 unde
606 2617 763 2675 multarum
776 2616 948 2675 mendarum
961 2616 1045 2694 origo
1056 2624 1156 2695 potest
1168 2614 1260 2693 expli·

154 2709 224 2769 cari.
268 2708 511 2787 Supplementum
524 2707 594 2766 illud
608 2707 638 2766 in
654 2707 833 2787 Philippicis,
847 2708 925 2785 quod
939 2707 972 2766 in
987 2707 1062 2767 libro
1080 2706 1254 2767 variantium

154 2801 389 2883 supplementum
415 2802 495 2879 Aug.
521 2800 606 2881 primi
630 2800 891 2879 appellare'soleo,
914 2800 1055 2879 scriptum
1077 2808 1142 2858 erat
1161 2798 1254 2859 literis

152 2896 244 2954 multo
257 2892 471 2964 minutioribus,
493 2892 676 2953 creberrimis
696 2890 887 2969 compendiis,
905 2891 1061 2970 pallidiora
1077 2900 1252 2963 atramento,

152 2986 181 3044 iu
194 2984 370 3046 membranis
383 2984 476 3044 multo
494 2983 671 3043 tenuioribus
691 2992 723 3041 et
743 2982 972 3054 candidioribus,
986 3000 1075 3062 quam
1087 2992 1172 3040 erant
1184 2980 1253 3040 reli·

152 3098 229 3159 quse.
247 3096 317 3137 nam
337 3077 525 3147 membranae,
540 3096 607 3157 quae
627 3084 783 3153 supersunt
802 3085 950 3134 arctusta
968 3094 1057 3135 mauu
1079 3074 1252 3153 conscriptes

28 3206 29 3213 κ
151 3182 220 3231 sunt
241 3168 398 3230 crassiores
421 3179 452 3228 et
473 3170 612 3229 subilasse
632 3176 821 3229 aretustste.
835 3178 981 3227 commata
998 3166 1078 3227 nulla
1097 3175 1173 3238 sunt,
1195 3166 1252 3227 sed

150 3263 258 3341 ubique
282 3271 404 3341 puncta,
422 3272 456 3320 ut
474 3261 506 3321 in
525 3261 673 3341 plerisque
693 3258 782 3319 codd.
798 3259 880 3318 mstis
893 3279 966 3339 quos
985 3260 1054 3319 vidi.
1077 3259 1250 3340 plerumque

152 3354 202 3415 dal
216 3351 350 3430 γίνεσθαι
363 3372 418 3434 pro
438 3352 605 3430 γίγνεσθαι,
619 3353 715 3412 πάντα
725 3370 783 3455 vpro
800 3352 927 3412 ἅπαντα.
941 3352 1088 3502 persignata
1100 3369 1154 3429 pro
1168 3372 1250 3426 γιγν.

150 3546 202 3603 olel
219 3558 277 3619 pro
292 3540 348 3600 dat.
389 3539 569 3600 Paucissirna
587 3536 763 3618 compendia
784 3535 944 3616 scripture,
957 3546 992 3596 ut
1009 3560 1031 3594 a
1043 3553 1098 3617 pro
1111 3530 1136 3594 l
1150 3533 1249 3614 ἄνδρες

150 3632 321 3788 ducaret?
337 3744 391 3805 pro
411 3719 545 3802 sldadpsc
556 3724 698 3799 dipvaiot.
711 3723 928 3785 terminationes
942 3748 982 3784 ων
995 3734 1026 3785 et
1047 3748 1097 3791 oue
1117 3734 1148 3783 et
1168 3746 1205 3790 uc
1218 3731 1251 3781 et

149 3821 213 3881 alite
227 3816 337 3878 similes
357 3834 437 3895 saepe
457 3818 635 3895 compendiis
656 3826 883 3896 repraesentata.
907 3816 1018 3877 scholia
1030 3828 1135 3877 contra
1152 3827 1247 3875 scate-

149 3914 220 3973 bant
233 3909 425 3989 compendiis,
439 3918 471 3969 et
489 3921 573 3969 erant
586 3911 668 3970 lectu
689 3908 866 3969 difficillima.
879 3910 960 3970 unde
973 3928 1183 3990 nunquamme
1196 3928 1248 3968 ex·

148 4001 335 4083 pedivissem,
355 4000 411 4059 nisi
432 4000 532 4061 Simon
558 4001 707 4062 Fabricius
728 4001 868 4080 proeisset,
887 4002 935 4060 cui
952 4002 1057 4072 debeo,
1077 4003 1157 4083 quod
1177 4002 1247 4061 istos

149 4094 284 4155 mirificos
311 4093 418 4153 ductus
445 4093 588 4154 extricare
615 4094 771 4174 potuerim.
812 4093 977 4155 Fabricium
1002 4095 1092 4167 bunc,
1119 4094 1246 4173 qtrisquis

148 4188 213 4259 luit,
234 4204 323 4265 quem
344 4184 473 4265 aliunde,
486 4186 541 4246 nisi
561 4205 614 4265 per
629 4186 778 4257 Wolfium,
791 4205 851 4246 non
863 4188 940 4260 novi,
960 4208 1081 4250 necesse
1094 4198 1139 4248 est
1155 4186 1249 4245 homi·

28 4320 29 4329 a
149 4290 217 4340 nem
236 4279 331 4340 fuisse
355 4278 487 4347 doctum,
503 4288 533 4339 et
552 4299 669 4351 navum,
686 4289 718 4339 et
740 4278 844 4350 fidum,
858 4291 891 4340 et
909 4280 1030 4341 mirifice
1042 4282 1175 4341 laborum
1195 4296 1249 4356 pa·

149 4374 281 4432 dentem.
324 4370 385 4431 Sed
400 4370 496 4430 fructu
518 4372 653 4432 laborum
668 4382 698 4433 et
715 4392 783 4433 eum
801 4383 832 4432 et
852 4392 906 4433 nos
917 4373 1064 4433 fraudavit
1082 4370 1181 4431 Wolfii
1195 4370 1247 4429 de·

150 4464 269 4539 mentia,
283 4464 333 4543 qui
351 4464 382 4522 in
396 4463 512 4525 schedis
528 4465 651 4527 Fabricii
665 4486 719 4546 pro
732 4464 829 4527 lubitu
841 4467 974 4538 mutavit,
988 4465 1118 4544 ingessit,
1131 4475 1248 4524 trunca·
