2984 4917
182 285 244 353 slis
398 296 422 349 ,·
509 282 763 352 insecutus
784 281 940 350 wolteri

179 446 292 519 poert:
307 434 491 515 secundem
501 456 683 517 mensumn
693 436 723 505 id
733 437 932 517 efficerem:
945 435 1124 515 redeunte
1134 455 1196 503 ren
1205 452 1277 504 cun

180 550 213 601 re
233 529 364 603 confero.
385 540 418 594 ct
431 529 528 599 suino
548 550 615 597 meo
629 530 791 611 perpendo,
809 540 924 599 munem
941 528 1181 597 interamnem
1195 530 1276 597 tnnc

181 642 278 693 meent
288 632 320 691 et
330 622 590 691 Demosthenem
603 624 925 703 credonemuosutun
936 621 1066 691 interfuit
1080 621 1278 687 ieterDerno·

182 715 317 783 ettenen
335 714 484 781 dicentem
494 726 525 781 et
536 715 722 789 scribentem,
736 716 795 781 hoc
807 727 863 787 eet.
877 716 954 783 iuter
966 715 1111 782 nemen
1123 725 1155 781 et
1168 725 1279 789 meror-

182 827 245 875 um.
285 806 392 886 Neque
406 808 483 873 enim
495 807 614 875 dubium
632 828 696 881 esso
707 809 807 881 deber.
821 808 988 877 centurn
999 826 1060 873 non
1071 806 1160 893 medo
1171 807 1280 878 dexte·

182 898 299 985 ritatem
318 910 350 965 et
367 912 469 973 utem.
486 902 541 968 red
557 901 729 967 suauitatem
749 902 836 968 etiem
850 900 1194 970 ceremonensem
1208 899 1276 971 um·

183 1012 251 1059 eum
261 991 400 1073 impetum
410 993 532 1059 cerione
544 1004 575 1059 et
583 994 828 1074 pronunciationis
837 992 1084 1063 Demostheniern
1095 1001 1129 1059 ut
1141 1011 1197 1058 noo
1210 991 1279 1057 ullis

184 1086 393 1167 comprehendi
406 1086 506 1159 literis,
526 1106 582 1151 nec
600 1106 621 1151 e
638 1088 731 1157 nobis.
750 1087 781 1149 in
800 1088 855 1152 iren
869 1089 1110 1165 (quaemcunque
1122 1084 1212 1162 rmgn
1225 1104 1280 1162 pu·

183 1178 275 1253 tetur)
287 1179 462 1259 eloquentie
482 1179 615 1243 nostratis
633 1181 777 1251 barbarie,
798 1180 844 1242 rel
864 1178 1000 1257 intelligi.
1012 1177 1060 1241 vel
1074 1176 1196 1255 reginei
1207 1176 1280 1241 setis

183 1272 220 1337 nb
235 1273 295 1337 ullo
308 1273 407 1352 poerit.
449 1272 519 1334 Hoc
532 1282 653 1336 metetur
674 1283 720 1335 est
738 1272 801 1352 ipse
820 1271 908 1335 etiem
925 1270 1154 1337 Demmthenes.
1166 1290 1227 1348 oue
1238 1269 1279 1334 de

184 1372 218 1425 're
231 1374 352 1442 prestet
370 1363 471 1431 audire
484 1365 668 1441 Ciceronem,
684 1364 732 1445 qui
746 1363 935 1444 preceptioni
949 1362 1060 1433 decori,
1073 1363 1147 1425 libro
1162 1363 1201 1427 rie
1214 1381 1280 1426 orc-

183 1465 249 1523 ωτι
259 1455 357 1531 tertio,
369 1455 434 1519 brec
444 1457 534 1521 verbo
546 1456 683 1535 subjicit:
698 1456 760 1522 Sed
772 1457 837 1523 hee
850 1454 1038 1541 ipsnlinquitl
1052 1453 1149 1521 omnin
1158 1454 1282 1535 perinde

185 1559 264 1620 suut,
285 1558 319 1611 ut
330 1560 478 1629 egunturr
498 1550 587 1624 neoc,
604 1550 733 1630 inquam,
752 1550 783 1617 in
802 1551 929 1615 (licendo
946 1570 1005 1615 uno
1025 1548 1198 1618 dominetur,
1217 1546 1281 1614 siue

184 1641 242 1707 hnc
264 1660 392 1708 somnne
415 1653 514 1707 oretur
535 1662 600 1709 esee
620 1643 651 1707 iu
672 1663 792 1725 numero
813 1644 895 1709 nrrllo
916 1654 1030 1721 potest:
1052 1640 1210 1707 mediocris
1222 1640 1281 1707 mc

183 1734 350 1808 menuctus,
372 1754 500 1801 summes
522 1755 599 1815 crepe
619 1754 766 1815 superare.
809 1735 892 1799 Huic
910 1735 1018 1813 primes
1037 1732 1154 1819 dedisse
1168 1732 1282 1795 Demo-

184 1826 303 1893 stlrener
315 1828 434 1902 dicitur,
449 1848 538 1908 quum
559 1836 721 1905 regeretur,
741 1826 813 1908 quid
833 1827 863 1889 in
887 1825 1014 1891 dicendo
1040 1836 1119 1891 erret
1143 1825 1279 1904 primum,

184 1921 253 1995 huic
274 1923 430 1994 secundee,
449 1921 517 1983 huic
536 1919 646 1983 terties·
687 1921 755 1987 Quo
768 1920 838 1983 mihi
850 1920 953 1983 melius
974 1920 1062 1984 et'mnr
1083 1918 1156 1983 illud
1171 1919 1209 1983 eb
1224 1918 1279 1981 ὢν

184 2018 287 2078 schino
311 2018 424 2077 dictum
443 2012 534 2077 videri
553 2012 638 2084 solet,
654 2013 713 2093 qui,
727 2034 816 2093 qpum
838 2024 957 2093 propter
976 2012 1162 2093 ignominiam
1176 2011 1282 2087 judicii

183 2110 318 2171 cemimet
332 2107 470 2178 Athenis.
484 2114 602 2183 rogetus
615 2124 634 2169 e
647 2106 779 2178 Rhodiis,
797 2106 904 2186 legisse
917 2106 1009 2171 fertur
1020 2106 1100 2169 illnrn
1118 2105 1282 2168 ommonem

185 2201 344 2280 egregiam,
359 2219 448 2279 quem
468 2198 499 2261 in
519 2197 741 2277 Ctesiphontem
766 2210 869 2263 contre
889 2197 1122 2263 Demosthenem
1144 2196 1280 2261 therme

184 2298 243 2372 que
259 2292 400 2372 perlecta,
414 2291 534 2372 petitum
555 2301 601 2351 est
622 2292 659 2353 eb
678 2310 715 2353 eo
734 2291 886 2371 postridie,
903 2303 938 2351 ut
956 2292 1071 2371 legeret
1087 2289 1168 2354 illem
1180 2291 1281 2363 etiem,

185 2405 252 2465 quae
266 2394 329 2446 eret
341 2395 443 2446 contre
458 2405 477 2447 s
490 2383 693 2449 Demosthene
709 2404 764 2464 pro
785 2384 977 2463 Ctesiphmrte
990 2382 1087 2449 edim
1109 2402 1197 2464 quem
1210 2400 1281 2451 cum

184 2478 353 2541 emnnime
366 2488 397 2541 et
409 2478 535 2541 maxime
545 2497 621 2539 vnce
635 2478 766 2557 legiseet.
784 2476 992 2541 adnitentibus
1012 2477 1165 2540 omnibusr
1179 2478 1282 2545 Quen.

186 2580 229 2641 to,
239 2570 340 2649 inquit,
352 2570 444 2649 magis
457 2568 679 2639 admiraremini,
693 2569 718 2627 si
731 2570 826 2649 ἰρευω
839 2568 985 2636 dicentem
998 2568 1173 2633 audissetisi
1212 2572 1283 2637 Quo

186 2661 258 2727 estis
272 2661 442 2741 significent
455 2672 595 2741 quantun
609 2670 686 2725 esset
702 2661 732 2727 iu
749 2661 886 2728 notionez
906 2662 957 2742 qui
970 2662 1130 2725 cretionem
1146 2663 1282 2737 enodem,
1343 2685 1346 2691 ·

186 2754 273 2819 olium
286 2774 351 2817 esse
363 2764 492 2835 putaret,
502 2765 604 2817 emere
614 2763 735 2819 mutato.
769 2754 923 2817 Heotenus
931 2754 1048 2817 Cicero.
1081 2755 1283 2824 Quodsitnn·

185 2857 233 2911 tuu
248 2858 344 2911 oretur
358 2848 519 2920 AEsclinen
533 2867 593 2929 quo
606 2846 685 2911 idem
699 2847 805 2914 Cicero
824 2847 896 2911 miri]
910 2848 1032 2913 diunius
1050 2867 1138 2928 posse
1159 2850 1284 2929 cogitari

186 2940 306 3008 asserii:
327 2962 413 3021 quem
433 2942 565 3004 inimicus
580 2941 825 3007 Demosthenen
844 2942 1045 3020 magnitudine
1064 2941 1143 3002 vocis
1155 2948 1282 3021 μεγαλο-

186 3038 347 3116 onvdrnrcr
359 3032 498 3112 appellet,
515 3034 656 3110 imperem
668 3052 701 3095 re
713 3033 824 3096 tumtur
840 3033 1015 3113 eloquentior
1029 3033 1280 3108 Demosthenicm,

187 3124 311 3205 quidde
324 3124 411 3185 mutis
424 3122 515 3185 literis
530 3132 577 3183 est
589 3122 764 3187 dicendum:
784 3143 851 3203 quse
864 3125 961 3183 solum
972 3123 1169 3183 inventionem
1178 3135 1209 3184 et
1222 3126 1284 3188 dis.

186 3216 360 3297 positionem
379 3216 508 3277 reddunt
526 3214 670 3293 integrent
682 3234 689 3275 r
710 3215 983 3289 accelerationem,
997 3235 1062 3295 qum
1075 3216 1139 3279 eine
1152 3236 1280 3299 pronun·

183 3307 313 3373 circione
326 3328 412 3369 enum
425 3306 498 3369 tueri
508 3306 555 3369 rix
568 3326 673 3369 nomen
684 3318 791 3387 petest,
805 3307 971 3369 dimidium?
1013 3308 1115 3387 lteque
1128 3310 1216 3390 longe
1226 3313 1283 3373 ful.

189 3401 295 3473 lentur,
307 3399 366 3480 qui,
378 3398 510 3479 legendie
519 3399 672 3461 Ciceronis
681 3409 712 3459 et
722 3399 932 3462 Demosthenis
945 3400 1125 3482 aliorumque
1138 3416 1284 3469 emturum
1336 3403 1339 3413 ¹
1414 3398 1418 3405 ’

189 3493 313 3573 scriptis,
327 3512 361 3554 se
373 3503 466 3553 totam
478 3492 599 3555 heroum
612 3490 726 3557 illorum
747 3490 944 3571 eloquentium
962 3495 1216 3575 comprehendisse
1228 3520 1283 3579 pu.

189 3596 271 3647 tent:
285 3586 378 3645 mulm
390 3585 546 3665 ineptiores
559 3594 636 3655 eunt,
650 3584 701 3665 qpi
713 3604 745 3645 ee
755 3584 812 3647 illis
824 3606 884 3647 une
894 3598 983 3666 etque
997 3587 1163 3654 nltenoreti
1176 3594 1282 3655 uncule

189 3676 319 3744 nitidulis
342 3677 437 3739 uerbis
464 3688 496 3737 et
518 3676 706 3747 sententiolis,
731 3677 932 3741 lucubratione
955 3680 1113 3741 meritorum
1140 3703 1283 3745 sonorum

191 3770 322 3850 quemuis
335 3769 412 3831 belle
426 3770 609 3841 concinnate,
622 3788 681 3829 non
695 3790 781 3849 peres
792 3769 889 3843 modo,
903 3773 958 3833 ned
970 3775 1135 3855 superiores
1149 3778 1244 3853 etiem,
1258 3782 1285 3840 ri

192 3862 258 3939 Diis
271 3863 380 3943 placet,
395 3882 461 3923 neec
473 3862 634 3941 opinentur.
685 3862 801 3943 Longe,
819 3864 919 3945 longe,
941 3866 1068 3947 inquam,
1089 3870 1147 3930 elin
1165 3892 1214 3932 res
1227 3886 1283 3946 eet,

191 3974 279 4036 quem
298 3953 399 4034 vulgus
416 3956 564 4015 hominum
586 3954 741 4032 existimet,
765 3956 937 4036 eloquentie.
991 3961 1081 4037 Cujus
1103 3964 1189 4024 etiem
1208 3986 1284 4045 prm.

192 4043 368 4109 annuum
379 4068 503 4127 qumque
519 4046 630 4127 scripte
647 4048 717 4127 quid
739 4049 820 4109 eliud
839 4064 917 4126 eunt,
936 4074 1023 4133 quem
1045 4055 1107 4116 vito
1125 4069 1156 4117 et
1179 4060 1283 4138 spiritu

191 4140 331 4213 menne,
352 4158 445 4219 etque
468 4140 569 4203 mutila
591 4141 765 4202 simulncmi
806 4144 889 4216 Esto,
911 4158 944 4206 nt
965 4148 994 4206 in
1008 4168 1131 4229 corpore
1144 4152 1281 4225 humano,

192 4246 284 4314 ceput
298 4244 328 4297 et
342 4250 453 4293 summe
470 4233 608 4312 pectoris,
621 4254 687 4313 qum
701 4235 825 4315 Apelles
834 4237 1026 4299 incelebrata
1038 4240 1087 4300 illc
1100 4262 1153 4302 sus
1166 4244 1284 4308 Venere

193 4326 363 4406 peritissime
375 4336 438 4387 erte
451 4325 585 4405 perfecit,
599 4327 739 4405 reliquero
753 4340 864 4406 purtem
886 4332 1014 4410 corporis
1034 4333 1195 4395 inchoarem
1217 4340 1283 4399 reli·

193 4418 273 4499 quit:
288 4418 337 4481 sic
349 4418 476 4481 inventio
486 4430 517 4480 et
529 4418 806 4500 disperitinreliquis
818 4423 957 4485 metionis
967 4425 1109 4504 pertibus,
1121 4429 1145 4488 ri
1158 4449 1205 4490 res
1218 4432 1282 4511 iper
