2984 4917
227 320 287 383 trie
437 332 440 339 '
486 332 488 337 '
540 316 978 387 nlauourmtwoum
1070 335 1075 381 ῑ
1116 377 1122 385 .

227 476 326 537 standi
345 475 466 536 libidine
479 495 616 555 superare
625 477 765 538 fateatur.
782 478 930 538 Caeterum
943 478 1010 535 haec
1022 472 1121 554 qualia
1129 468 1323 551 etqnaotslea

225 588 343 648 cunque
365 580 443 639 sunt,
467 588 526 628 non
549 580 609 629 tam
631 588 697 629 mea
717 570 814 640 vobis,
831 567 998 649 amplissimi
1020 565 1083 637 viri,
1106 564 1207 636 allero,
1228 580 1323 643 quam

224 670 322 719 vestra
343 660 426 719 vobis
448 661 579 719 restituo.
619 662 775 740 Nunquam
797 661 874 722 enim
896 660 994 720 sonari
1015 678 1053 718 ea
1073 652 1319 737 pantaenum

224 762 321 811 vestra
337 750 508 829 benignitas,
523 762 659 831 tanquam
672 752 798 813 salutare
811 752 956 831 quoddam
969 752 1062 822 sidus,
1072 748 1142 809 mibi
1151 747 1320 807 allialaissat·

223 842 332 921 Neque
351 862 421 903 vero
440 844 487 903 vel
507 844 617 923 primus
635 846 726 921 huJus
744 846 841 924 operia
853 857 1001 924 patronos,
1015 844 1045 901 in
1058 847 1139 917 cujus
1151 839 1318 899 idnomine

220 936 281 1013 jam
296 936 411 995 tertium
424 937 567 1015 apparuit,
586 938 632 996 vel
647 938 798 1017 quisquam
812 939 893 1007 alius,
914 936 1041 995 levitatis
1059 951 1179 1011 argarere
1193 950 1242 991 me
1260 948 1321 1009 poe

223 1028 312 1087 terit·
342 1028 419 1089 Nam
433 1042 505 1087 cum
514 1028 564 1095 ille
575 1028 605 1087 in
619 1030 730 1107 praedia
750 1048 803 1088 sua
816 1048 849 1087 se
863 1039 1044 1107 recepturus,
1059 1044 1107 1085 me
1119 1023 1200 1104 qusai
1212 1040 1317 1083 eman·

223 1120 350 1198 cipetum
362 1140 378 1179 e
389 1121 506 1190 familia,
517 1132 620 1181 vestrae
630 1122 699 1182 fidei
708 1132 738 1181 et
748 1121 913 1181 liberalitati
923 1120 1123 1189 commisisset,
1131 1134 1190 1177 uua
1198 1130 1316 1178 mecum

222 1212 309 1271 etiam
324 1232 360 1272 aa
379 1214 460 1273 vobis
481 1214 607 1283 tradidit,
623 1234 689 1293 qum
704 1214 802 1273 Musae
820 1232 896 1273 meas
914 1214 969 1273 suh
982 1222 1081 1273 vestm
1094 1208 1255 1290 patrocinio
1268 1207 1318 1267 ef·

219 1304 368 1365 iecissent.
409 1305 528 1365 Deinde
540 1306 581 1366 ita
594 1306 691 1385 prodit
704 1307 933 1376 Demosthenes,
947 1306 1050 1379 (modo
1062 1322 1165 1383 operae
1174 1313 1317 1381 typogra-

221 1395 325 1483 pbicae·
337 1417 398 1458 non
410 1398 448 1456 de
467 1397 582 1475 integro
596 1397 786 1459 deiormarint
798 1418 846 1473 ea,
861 1418 927 1477 quas
941 1416 997 1477 ego
1018 1415 1129 1455 summo
1146 1394 1247 1453 labore
1260 1410 1314 1453 ex·

219 1488 317 1566 polivi.
332 1490 420 1567 longe
433 1509 452 1547 a
464 1491 544 1567 prelo
563 1492 676 1561 absum,
695 1502 727 1551 et
748 1491 819 1551 alias
839 1491 910 1551 alios
927 1490 1044 1549 codices
1056 1501 1087 1549 et
1099 1488 1213 1547 chartas
1230 1496 1314 1564 typo-

220 1581 333 1658 grapho
346 1582 420 1654 misi)
433 1581 473 1640 sie
494 1582 591 1660 igitur,
611 1584 728 1661 inquam
747 1584 840 1661 (quod
863 1582 982 1661 quidem
1001 1581 1032 1640 in
1050 1600 1098 1639 me
1111 1579 1182 1651 suit)
1194 1596 1229 1637 sa
1249 1595 1317 1655 spa·

220 1672 357 1733 ctandum
368 1672 584 1733 Demosthenes
597 1694 664 1734 cum
678 1694 735 1735 non
745 1674 934 1754 'aspernando
944 1672 1084 1732 comitatu
1096 1670 1223 1750 praebet,
1236 1710 1240 1717 ·
1303 1704 1312 1723 .-

220 1799 226 1911 Σ
250 1800 260 1805 γ’
326 1832 396 1875 asar
412 1833 540 1875 rosiers
556 1833 661 1876 novus
676 1834 813 1875 uxuvna
828 1831 1035 1877 murnusuuu
1049 1800 1216 1884 unvanus,
1306 1806 1310 1821 '

218 1953 249 2025 et
260 1951 304 2002 tot
317 1954 418 2003 suctus
432 1944 654 2013 accessionibus,
668 1955 702 2002 ut
715 1945 840 2003 eundem
853 1960 919 2003 esse
931 1942 980 2001 vix
995 1942 1144 2020 φιίιᾳυαω
1157 1950 1312 2019 agnoscat.

218 2024 295 2093 Hoc*
304 2035 422 2112 quidem
441 2033 582 2095 affirmare
601 2034 701 2105 ausim,
716 2039 825 2112 majore
839 2035 972 2093 molestia
984 2053 1058 2113 pene
1072 2034 1157 2092 unius
1170 2032 1311 2091 orationis

216 2125 444 2203 recognitionem
471 2126 540 2184 mihi
564 2126 738 2202 constitisse,
764 2146 850 2205 quam
876 2138 965 2186 totam
989 2126 1110 2205 primam
1135 2126 1312 2203 interprete·

215 2216 341 2277 nonen:
355 2216 428 2285 sive,
441 2229 492 2277 sut
500 2224 561 2293 jam
574 2238 690 2296 urgens,
705 2229 758 2279 aut
771 2231 853 2280 certe
866 2220 1026 2279 adventans
1039 2226 1186 2286 senectus,
1198 2215 1310 2275 laboris

144 2302 147 2310 ⁴
216 2326 303 2367 sensu
316 2328 394 2369 nunc
408 2311 500 2388 magis
514 2310 644 2383 afficitur,
657 2332 743 2391 quem
758 2323 819 2372 tum
828 2312 992 2389 juventutis
1004 2309 1088 2389 vigor
1098 2309 1229 2369 levabat:
1243 2309 1309 2371 sive

213 2399 295 2459 aliud
307 2409 362 2466 est,
378 2400 514 2479 quioquid
528 2402 559 2461 in
577 2415 705 2463 mentem
717 2405 862 2474 inciderit,
877 2415 951 2464 aestu
968 2403 1095 2483 quodam
1113 2401 1199 2461 animi
1213 2400 1308 2460 effun-

215 2490 305 2565 dere:
325 2492 414 2563 aliud,
428 2495 556 2553 seribere
577 2496 725 2569 meditate,
746 2496 903 2575 etsingula
914 2515 991 2576 pene
1003 2495 1093 2555 verba
1104 2494 1186 2573 quasi
1199 2503 1311 2553 statera

214 2580 340 2657 aurificis
360 2585 526 2663 expendere
545 2596 634 2664 atque
656 2588 830 2648 examinare.
870 2588 979 2665 Neque
997 2597 1095 2646 tamen
1115 2585 1208 2664 (quod
1226 2604 1309 2663 saepe

212 2685 335 2758 testatus
345 2696 418 2747 sam,
433 2688 465 2736 et
476 2696 553 2739 nnnc
563 2689 709 2759 postremo
727 2691 866 2740 testatum
879 2698 945 2741 esse
957 2680 1037 2753 volo)
1050 2677 1308 2739 Demosthenicum

212 2767 408 2847 eloquentiam
427 2770 601 2849 expressisse
625 2790 674 2831 me
694 2772 821 2840 confido,
842 2772 942 2851 quiet
962 2771 1118 2833 autoritate
1138 2790 1193 2830 aua
1209 2780 1306 2839 earet,

213 2862 291 2940 (quae
304 2872 443 2940 quantum
463 2861 635 2924 indicendo
653 2866 759 2937 valeat,
773 2864 838 2943 quis
857 2863 980 2947 neseitll
999 2882 1094 2944 neque
1108 2861 1307 2928 Lectoresita

211 2965 338 3015 attentos
361 2956 471 3016 babere
493 2968 599 3036 potest,
626 2958 675 3037 qui
701 2975 755 3019 sua
774 2958 846 3017 nibil
869 2958 1010 3018 interesse
1030 2966 1152 3016 censent
1169 2972 1215 3026 ea,
1235 2972 1305 3032 quas

211 3048 319 3127 scripta
331 3058 405 3119 sunt,
420 3060 452 3107 ut
469 3047 587 3107 suerunt
601 3050 758 3120 auditores,
772 3070 896 3127 quorum
908 3061 939 3109 et
952 3050 1079 3127 dignitas
1091 3058 1122 3109 et
1133 3048 1210 3107 salua
1230 3065 1304 3124 age-
1352 3060 1356 3067 “

210 3140 313 3201 batur:
333 3140 496 3197 elocutione
509 3140 578 3198 item
594 3151 625 3198 et
643 3141 761 3200 actione
774 3141 938 3199 destituitur
951 3141 1011 3212 (cui
1031 3150 1062 3198 et
1082 3138 1249 3217 primasille
1269 3150 1305 3199 et

210 3231 355 3291 secundas
368 3241 399 3289 et
412 3230 514 3289 tertias
522 3232 615 3306 dedit>
628 3232 681 3291 aed
695 3232 891 3292 inventionem
904 3243 938 3289 et
948 3230 1171 3290 collocationem
1182 3240 1242 3288 tam
1255 3250 1306 3291 re·¹

210 3341 284 3393 rum,
300 3340 387 3401 quam
401 3323 554 3382 verborum
565 3324 742 3402 appendere,
755 3323 815 3383 fide
828 3323 946 3401 optima,
958 3334 989 3383 et
998 3321 1155 3401 perspicuo
1165 3338 1303 3400 puroque

210 3410 347 3479 oritionis
361 3434 468 3493 genere
483 3426 697 3494 representare,
713 3435 777 3474 sum
795 3426 926 3475 conatus.
966 3417 1041 3481 Quae
1064 3426 1095 3473 et
1111 3413 1176 3492 ipsa
1195 3413 1231 3471 in'
1245 3434 1302 3474 sua

208 3508 305 3575 nativa
317 3506 419 3585 lingua
431 3506 522 3565 multo
535 3518 603 3567 sunt
617 3518 650 3567 et
661 3507 753 3587 magis
766 3507 893 3587 propria,
906 3518 939 3567 et
955 3506 1190 3587 significantium,
1202 3518 1234 3566 et
1249 3509 1304 3585 ju·'

209 3598 361 3668 cmdiora,
374 3610 406 3673 et
426 3598 597 3657 illustriora:
617 3618 711 3677 esque
725 3600 763 3662 de
777 3619 867 3661 marsa
880 3598 1111 3679 interpretationi
1125 3617 1200 3659 mee
1212 3598 1303 3657 Grae·

208 3710 278 3751 eom
290 3692 470 3771 archetypon
484 3702 528 3751 est
542 3682 685 3763 additum,
694 3713 753 3771 quo
762 3693 850 3769 hau'us
857 3693 1044 3753 ornatissimae
1052 3704 1084 3751 et
1093 3689 1300 3771 copiosissimos

206 3782 315 3861 lingum
328 3784 376 3843 vel
388 3784 472 3863 periti
485 3786 531 3844 val
544 3786 665 3846 studiosi
678 3784 820 3847 fruantur.
859 3785 928 3847 Nec
940 3796 1039 3845 tamen
1051 3784 1123 3843 illud
1139 3785 1233 3863 ipsum
1247 3783 1302 3861 qui

206 3872 317 3953 legent,
326 3875 367 3935 ita
380 3876 509 3937 miraturi
518 3887 586 3937 sunt
594 3878 836 3949 Demosthenem,
846 3877 891 3958 (id
903 3876 984 3957 quod
997 3876 1159 3947 AEscbines,
1173 3875 1300 3937 mulus

205 3978 240 4031 et
250 3967 433 4028 'sdvemrius
447 3975 508 4045 ejus
525 3970 631 4031 dixisse
644 3971 747 4048 farum)
767 3982 801 4031 ut
817 3970 843 4030 si
863 3971 959 4051 ipsum
978 3970 1138 4031 audissem.
1175 3970 1294 4035 Quanto

207 4056 263 4135 alis
276 4076 325 4117 res
335 4057 400 4129 luit,
408 4078 473 4119 eum
488 4060 536 4121 M.
544 4060 657 4121 Tullios
665 4061 789 4131 ¹Consul,
799 4072 982 4141 purpuratas,
995 4062 1026 4120 in
1038 4060 1112 4122 aella
1122 4057 1214 4119 curuli
1226 4077 1300 4119 cnm

205 4154 357 4225 maiestate
370 4150 509 4221 caudens,
523 4153 565 4213 ab
581 4153 715 4214 omnibus
732 4152 817 4213 bonis
835 4164 918 4233 pater
936 4153 1049 4232 patriae,
1066 4164 1099 4213 et
1118 4149 1203 4231 quasi
1219 4148 1299 4215 alter.

205 4242 285 4302 urbis
298 4241 431 4302 conditor
450 4244 578 4317 babitus,
590 4236 855 4311 solicitudinem'de
863 4244 1018 4324 republica
1029 4263 1180 4315 summam,
1193 4242 1299 4311 salutis

204 4350 274 4393 aero
284 4353 344 4393 sua
357 4352 449 4413 prope
461 4336 630 4413 neglectum
643 4337 915 4417 praesessorem
928 4354 1041 4396 summo
1053 4336 1131 4396 orbis
1148 4346 1296 4394 mnarum

204 4426 329 4487 tondlio
341 4426 401 4508 (qui
415 4446 476 4489 uon
489 4438 549 4491 tam
562 4440 744 4502 senatorum,
752 4448 842 4509 quam
857 4444 960 4507 regum
971 4446 1124 4490 cosmus
1136 4425 1230 4487 videri
1241 4443 1298 4504 po-¹
