2984 4917
200 324 275 368 ccxx
486 305 661 370 STOClill
681 301 1013 370 remanorum.

201 456 330 518 tissimus
354 457 462 538 quippe
477 459 634 541 interpres,
651 461 689 520 ab
712 460 852 521 Auctoris
865 461 959 521 latere
977 478 1015 520 ne
1033 468 1176 539 punctum
1189 457 1310 540 quidem

204 551 342 632 temporis
358 553 498 613 dimoveri
513 574 577 614 sese
592 573 703 634 passus,
713 574 772 613 non
787 553 947 614 sententias
960 551 1145 612 solummodo
1159 550 1310 631 appendit,

203 666 306 707 verum
325 647 414 708 etiam
433 648 528 708 verbis
548 657 721 708 annumerat
741 647 849 727 ubique
868 648 976 718 verba3
999 645 1187 725 eundemque
1207 643 1311 703 dictio·

204 759 275 798 num
289 740 420 799 ordinem
440 751 501 800 tam
521 741 607 800 anxie
628 749 746 820 tamque
770 737 959 819 pertinaciter
980 748 1143 809 conservat,
1164 748 1199 796 ut
1218 755 1313 816 saepe·

204 853 327 893 numero
341 833 429 894 etiam
442 832 608 905 obscurum,
623 832 775 892 horridum
790 843 870 891 certe
885 843 915 890 et
928 831 1120 909 incomptum,
1135 829 1219 890 nobis
1231 829 1312 889 exhi-

205 927 276 987 beat
287 926 453 988 Oratorem.
476 926 646 997 Enimvero,
658 923 739 1004 quod
754 925 793 983 ad
807 923 894 982 situm
908 923 1192 1002 collocutionemque
1206 923 1313 982 attinet

205 1019 371 1090 verborum,
394 1039 460 1078 curn
482 1029 594 1078 temere
618 1029 649 1078 et
670 1019 782 1096 absque
804 1016 980 1076 necessitate
1004 1017 1042 1077 ab
1066 1014 1243 1094 exemplaris
1265 1015 1312 1076 sui

204 1109 300 1171 forma
312 1111 511 1171 recedendum
531 1109 655 1181 nonsit,
677 1109 808 1169 dandum
827 1119 926 1168 tamen
947 1109 1058 1190 aliquid
1075 1109 1313 1168 auriumestvo·

203 1203 317 1285 luptati‚
342 1223 441 1284 neque
461 1202 713 1274 committendum,
733 1213 767 1260 ut
780 1201 952 1280 scrupulosa
970 1213 1003 1260 et
1021 1199 1119 1260 seruili
1137 1199 1312 1272 imitatione,

204 1299 299 1358 omnis
313 1297 373 1369 illa,
391 1313 451 1375 qua
469 1294 557 1354 divini
572 1313 624 1355 nos
637 1293 823 1375 permulcent
836 1293 988 1365 Oratores,
1007 1311 1198 1353 numerorum
1209 1301 1313 1373 pereat

206 1387 400 1450 concinnitas.

211 1497 215 1504 ·
246 1481 280 1540 in
303 1479 479 1541 contrariam
502 1479 707 1560 huie·prorsus
729 1479 986 1560 reprehensionem
1003 1478 1126 1540 incurrit
1152 1477 1314 1558 Dionysius

204 1574 375 1637 Lambinus.
417 1573 518 1646 Fidus,
533 1574 663 1653 elegans,
680 1574 820 1645 disertus3
842 1573 952 1633 utinam
966 1585 999 1633 et
1015 1589 1150 1653 marm
1163 1571 1263 1630 dicere
1276 1570 1311 1628 li·

204 1670 312 1729 cuisset
326 1669 540 1748 interpretem!
564 1668 674 1728 Verum
689 1673 761 1744 ejus,
775 1686 833 1746 qua
845 1665 1000 1746 plurimam
1018 1665 1164 1745 pollebat,
1184 1674 1313 1743 compto

203 1761 372 1822 Latinitatis
393 1760 501 1832 studio,
524 1761 661 1839 beneque
688 1760 807 1820 dicendi
832 1759 919 1838 copia
940 1759 972 1817 in
996 1769 1192 1817 transversum
1215 1767 1311 1828 aaut,

205 1868 292 1916 extra
311 1855 431 1914 modurn
454 1863 606 1932 metasque
627 1871 729 1912 ornnes
750 1853 892 1924 excurrit,
912 1863 945 1912 et
961 1852 1087 1912 nitorem
1108 1849 1259 1911 AEscltinis
1280 1859 1314 1910 et

205 1947 415 2008 Demosthenis
430 1945 572 2016 δεινότητα
587 1943 787 2023 profusissima
800 1946 955 2003 verborum
975 1942 1087 2004 luxurie
1104 1944 1215 2023 pariter
1228 1942 1312 2003 labe·

204 2041 337 2102 iactavit.
379 2037 480 2097 Ardua
491 2037 670 2115 complanat,
683 2054 787 2114 pressa
800 2036 914 2107 dilatat,
928 2037 1022 2095 mollit
1033 2037 1167 2106 incitam
1181 2035 1314 2114 singulm

203 2133 298 2193 fenne
312 2130 455 2190 dictiones
470 2127 591 2188 Graecas
605 2129 719 2188 duabus
740 2128 894 2189 autetiam
908 2128 1040 2208 pluribus
1058 2129 1174 2208 reponit
1187 2129 1312 2202 Latinis,

204 2235 238 2283 ut
252 2223 381 2303 geminet
391 2222 605 2302 propemodum
616 2231 646 2280 et
661 2221 854 2300 conduplicet
867 2221 1079 2301 Archetypum.
1120 2221 1245 2287 Quodsi
1257 2239 1314 2282 suo

204 2317 252 2376 hic
276 2315 395 2394 ingenio
419 2313 599 2393 aliquantum
622 2323 701 2374 esset
724 2315 902 2385 moderatus,
927 2332 1026 2394 neque
1050 2314 1313 2393 mpervsgmuum

204 2409 266 2489 ipse
281 2407 406 2467 surculis
419 2406 526 2466 falcem
541 2405 725 2487 denegasset,
741 2425 807 2486 quse
820 2407 877 2468 init
890 2406 1000 2466 homini
1014 2404 1169 2487 diligentia
1188 2407 1219 2466 in
1232 2425 1312 2468 asse·

203 2500 328 2582 quendis
338 2499 461 2570 Graecis,
474 2509 504 2558 et
514 2498 686 2560 inexhausta
696 2500 922 2560 lectissimorum
932 2501 1088 2560 verborum
1100 2499 1198 2580 copis,
1210 2517 1312 2559 omnes

203 2591 339 2676 proiecto
352 2592 422 2652 boni
444 2592 615 2672 iuterpretis
634 2610 773 2652 numeros
794 2592 979 2672 explevisset.
1020 2593 1119 2669 liujus
1140 2592 1230 2671 igitur
1243 2591 1313 2670 Ego

107 2741 113 2756 ,
203 2685 309 2747 vinetis
322 2696 439 2766 putator
453 2685 665 2766 qualiacunque
679 2685 807 2745 accessi:
830 2685 900 2746 dedi
920 2703 1051 2765 operam,
1066 2698 1101 2744 ut
1118 2684 1312 2744 luxuriantur

206 2797 271 2841 eam
295 2779 325 2837 in
341 2777 468 2838 dicendo
484 2778 649 2840 ubertatem
676 2779 858 2858 comprimat,
882 2789 913 2838 et
936 2773 1046 2839 insert'a
1069 2778 1151 2856 quasi
1171 2777 1314 2856 depascat

206 2870 321 2930 exilitas
336 2869 500 2930 Wolfiana:
517 2889 615 2950 neque
625 2871 721 2952 siquid
735 2871 766 2932 in
777 2871 987 2932 oxoniensium
996 2871 1156 2932 aliorumve
1162 2870 1314 2950 Interpre-

204 2974 267 3024 tum
278 2963 451 3024 Latinorum
465 2964 602 3041 operibus
615 2965 662 3023 vel
676 2984 709 3024 se
729 2975 885 3025 venustate
898 2964 1119 3025 commendaret
1131 2963 1179 3023 rel
1192 2964 1310 3034 robore,

205 3058 366 3118 traducere
384 3057 414 3114 in
435 3066 536 3116 nostra
549 3056 693 3116 dubitari:
717 3057 761 3116 ita
780 3057 915 3117 nimirum
933 3067 1013 3117 ratus
1026 3058 1101 3128 iore,
1122 3067 1157 3116 ut
1170 3057 1314 3119 ememor

204 3151 296 3210 multo
313 3149 470 3228 puriorque
491 3160 629 3229 exsurgat
648 3151 864 3230 interpretatio,
883 3170 972 3230 quaxn
991 3152 1016 3210 si
1034 3152 1144 3231 inepto
1164 3149 1313 3212 ambitioni

204 3241 378 3312 velificatus,
401 3261 437 3301 ea
450 3261 516 3321 quae
530 3243 567 3302 ab
582 3243 644 3301 aliis
662 3243 739 3302 bene
759 3231 841 3303 dieta
863 3253 942 3315 sunt,
957 3245 1059 3304 melius
1078 3245 1144 3324 ipse
1157 3243 1259 3304 dicere
1269 3242 1313 3301 in·

204 3337 320 3396 cassum
334 3333 555 3394 contenderem.
598 3332 696 3394 Multa
709 3333 798 3394 etiarn
812 3334 850 3394 ad
870 3353 924 3395 noa
944 3336 1101 3396 commoda
1120 3335 1232 3395 invexit
1243 3353 1312 3395 cunr

206 3427 323 3488 Gallica
343 3427 546 3507 interpretatio
561 3426 712 3498 Tourellii,
735 3439 798 3486 tum
818 3445 888 3487 vero
908 3427 1125 3508 spectatissima
1142 3427 1195 3487 iiia
1207 3425 1314 3488 Verrio

206 3521 293 3590 Itala,
308 3522 347 3582 ah
367 3521 493 3581 Hieron.
515 3519 616 3592 Ferro,
638 3519 781 3582 &nature
794 3521 921 3593 Veneto,
943 3521 1127 3593 concinnata,
1150 3539 1239 3600 quam
1260 3521 1312 3580 diu

206 3615 370 3694 frustraque
381 3633 457 3675 ame
472 3615 634 3694 quesitam,
648 3613 691 3673 vir
702 3614 840 3674 comitate
852 3615 964 3694 pariter
977 3625 1009 3674 et
1022 3614 1147 3694 politiori
1160 3613 1314 3674 literatum

207 3708 454 3778 instructissimus,
476 3709 515 3767 A.
536 3707 652 3780 Aslxew,
674 3707 720 3768 M.
736 3707 776 3767 D.
790 3707 999 3782 Londinensis,
1019 3727 1147 3782 mecum,
1167 3707 1224 3768 sihi
1242 3707 1314 3768 lieet

208 3801 322 3880 ignoto,
339 3819 392 3879 per
405 3799 505 3860 literas
519 3811 649 3880 rogatus,
663 3801 872 3862 humanissime
885 3803 1120 3862 communicarit.

247 3893 377 3952 Textum
392 3891 531 3952 Graecum
544 3893 688 3953 AEscblnis
703 3914 742 3955 ex
754 3895 907 3955 luculenta
916 3895 1054 3958 Editione
1065 3896 1311 3977 hienstephani,

206 3985 424 4059 Demosthenis,
447 4003 483 4045 ex
507 4005 544 4047 ea
564 4007 652 4067 quam
667 3987 796 4048 Lutetiae
814 3989 892 4068 typis
915 3989 1067 4048 mandaxit
1084 3989 1264 4060 Rauennae,
1280 4000 1314 4049 ut

203 4079 361 4162 plurimum
376 4079 527 4160 expressi:
551 4079 666 4140 collatis
687 4081 803 4142 interim
817 4081 981 4161 diligenter,
1002 4093 1034 4142 et
1054 4082 1199 4160 siquando
1217 4083 1314 4142 manns

205 4185 259 4244 est,
275 4173 422 4245 adhibitis,
440 4173 692 4233 emendationibus
705 4175 754 4236 ci.
769 4175 907 4256 Tayiori:
929 4193 1030 4236 verntn
1054 4176 1157 4257 paucis
1176 4174 1234 4236 iliis
1246 4175 1313 4254 qui·

204 4267 282 4339 dem,
297 4277 328 4326 ct
350 4285 463 4326 summa
484 4286 552 4325 cum
572 4266 716 4326 brevitate
737 4267 906 4348 propositis.
948 4270 1066 4335 Quotus
1085 4267 1165 4329 enirn
1184 4268 1314 4348 quisque

202 4361 345 4421 lectorum
370 4368 425 4430 est,
443 4360 492 4438 qui
515 4357 672 4418 dummodo
691 4359 743 4418 sibi
759 4360 898 4420 Auctoris
918 4379 1022 4421 sensus
1042 4360 1147 4433 claros,
1168 4371 1201 4420 et
1213 4359 1313 4440 quoad

203 4453 266 4514 lieri
280 4453 374 4534 potuit
387 4453 557 4524 defecatos,
575 4451 613 4512 ob
624 4453 731 4518 ,oculos
743 4452 841 4526 sutas,
856 4465 906 4514 aut
925 4453 1046 4514 nnuma
1057 4465 1153 4526 curat
1171 4463 1247 4534 quet
1258 4471 1314 4514 eos
