2984 4917
247 314 322 373 cxlri
575 310 735 375 RElSKll
763 308 1002 373 PRAEFATIO'

248 468 338 530 hodie
351 469 390 529 de
408 465 543 531 laudibus
563 472 626 545 e'jus
645 467 778 529 oratoriis
790 467 832 527 ita
844 472 969 535 constat,
982 470 1017 521 ut
1028 459 1149 541 putidus
1162 459 1201 517 sit
1212 470 1245 519 et
1256 457 1348 521 nihilis

212 574 215 581 ’
249 561 463 641 explodendos,
477 562 563 643 siqui
573 562 736 623 soli'l'ecenu
750 559 901 622 accendat
943 555 1003 616 Tot
1011 562 1158 635 preterea
1165 560 1277 623 suntet
1288 556 1350 611 tadt

250 655 350 733 gravis
362 666 450 735 etque
460 656 552 735 spissa
559 656 677 735 egendo
684 667 715 717 et
724 652 902 723 meditando,
912 660 944 711 et
953 647 1144 717 enucleanda,
1158 655 1222 705 mm
1231 644 1353 703 edituro

250 746 330 806 huuc
344 756 498 819 oratorem,
512 767 600 828 quem
614 748 653 807 ad
667 766 733 808 eum
752 746 921 827 praufetum,
935 754 969 801 ut
986 740 1037 801 rix
1054 739 1144 801 linem
1158 736 1257 817 operis
1269 736 1351 795 inre-

246 838 322 909 niat,
335 848 367 898 et
379 858 464 919 piene
477 850 567 901 totam
580 849 697 921 etatem
710 839 741 898 iu
756 858 793 899 eo
806 857 865 897 uno
878 832 1107 897 consumendam
1120 830 1239 891 hubent.
1280 826 1350 906 Ego

249 948 330 1001 vero,
344 941 378 989 ut
391 950 472 990 mens
488 930 559 991 mihi
581 931 657 991 leve
669 930 736 1003 luit,
749 930 840 1009 *quod
857 929 1047 989 vehementer
1061 924 1154 993 dolet,
1175 922 1214 983 ad
1233 931 1352 999 gustan-

251 1022 322 1081 dum
335 1032 366 1083 et
375 1021 575 1082 inhibendum
592 1022 834 1091 Demosthenem,
846 1033 879 1078 et
890 1020 982 1077 multo
996 1016 1086 1074 etiem
1099 1014 1193 1073 serius
1206 1012 1247 1073 sd
1259 1012 1350 1073 eden·

248 1112 321 1173 dum
335 1112 429 1190 udJ‘eci
442 1114 581 1183 animum,
595 1126 684 1187 quum
697 1124 730 1163 ut
742 1109 924 1165 esssciatum
938 1105 1009 1182 quid
1021 1106 1202 1182 promittere,
1216 1113 1267 1163 aut
1278 1120 1354 1183 prot·

249 1206 367 1271 sationis
380 1204 474 1266 settim
493 1202 630 1281 copiose,
644 1197 751 1279 plense,
765 1208 797 1256 et
809 1214 881 1257 rere
898 1194 1090 1275 pragmaticos
1100 1213 1186 1275 spem
1205 1194 1306 1255 facere
1320 1196 1354 1255 li·

250 1308 328 1359 cest.
368 1296 458 1357 Juvat
471 1293 569 1374 capita
581 1290 715 1373 quoedsm
728 1289 779 1350 hic
789 1288 931 1368 aniugere
941 1306 1053 1359 eorum,
1067 1305 1136 1366 quas
1147 1284 1353 1366 prefationem

250 1389 366 1471 parenti
375 1408 434 1449 non
447 1386 552 1449 leviter
564 1384 796 1466 perstringendo,
807 1384 862 1443 sed
873 1382 989 1462 penitus
999 1381 1177 1443 excutienda
1184 1393 1215 1441 et
1221 1381 1256 1455 in
1263 1382 1355 1461 plene

248 1485 321 1544 luce
338 1481 511 1544 collocanda
527 1480 596 1542 sint.
636 1479 737 1541 Debet
756 1477 807 1537 ille
825 1498 854 1538 e.
867 1497 895 1538 c.
917 1476 956 1536 de
966 1476 1079 1538 ratione
1092 1486 1226 1537 veterum
1241 1474 1354 1537 Demo·

252 1576 387 1638 sthemm
406 1577 438 1635 in
457 1574 563 1636 scholis
580 1574 640 1635 suis
652 1570 874 1654 interpretandi,
887 1582 918 1631 et
937 1569 969 1631 in
981 1569 1097 1650 scriptis
1109 1568 1241 1631 imitandi
1262 1588 1355 1651 expo·

243 1688 343 1739 neret
356 1688 423 1749 que
431 1666 554 1729 imitatio
566 1680 613 1729 est
622 1667 783 1747 multiplex,
792 1663 939 1729 nonenim
947 1662 1132 1726 solummodo
1141 1662 1184 1723 illi
1195 1663 1354 1738 imitentur,

254 1762 304 1843 qui
316 1762 396 1823 locos
410 1760 533 1825 oratoris
551 1761 693 1841 quosdam
711 1770 762 1820 eut
774 1758 951 1820 verbotenus
970 1757 1104 1829 recitent,
1117 1768 1149 1817 et
1164 1758 1281 1839 seriptis
1293 1758 1355 1821 suis

252 1855 403 1927 intexunt,
417 1865 469 1917 aut
480 1854 621 1915 allusione
634 1852 760 1933 quodum
778 1852 973 1921 adumbrent3
992 1850 1155 1927 cujusmodi
1172 1852 1257 1913 locos
1268 1852 1354 1913 inda·

253 1950 337 2027 gare,
352 1948 490 2021 indicere,
512 1958 624 2007 etcum
639 1946 775 2027 exemplo
788 1943 961 2025 primigenio
974 1962 1153 2025 conspuere,
1173 1963 1278 2005 munus
1298 1944 1354 2005 im·

246 2040 355 2122 primis
368 2040 465 2101 nobile
479 2039 597 2103 editoris
611 2050 674 2111 est3
688 2039 770 2120 quod
778 2038 862 2099 nobis
874 2059 914 2099 ne
922 2048 1039 2099 tentare
1052 2038 1172 2116 quidem
1183 2038 1279 2110 licuit;
1298 2038 1355 2101 sed

247 2146 288 2194 -et
307 2134 350 2193 illi
368 2132 525 2205 imitentur,
539 2132 598 2213 qui,
620 2144 653 2193 ut
667 2132 809 2194 Aristides
827 2131 910 2205 fecit,
924 2130 1070 2192 orationes
1083 2130 1216 2195 scribunt
1232 2131 1355 2195 emulso

256 2226 504 2299 Demosthenicis,
529 2226 590 2288 sire
612 2226 643 2287 in
666 2225 745 2287 idem
768 2225 986 2287 consentientes
1009 2235 1222 2303 argumentum,
1240 2224 1303 2285 sire
1323 2224 1356 2285 in

255 2328 369 2400 portem
385 2318 569 2381 contrariam.
610 2318 710 2380 Debet
720 2339 809 2400 porro
823 2319 861 2380 de
874 2318 931 2378 illis
944 2336 1034 2396 egere
1047 2326 1136 2396 atque
1144 2316 1291 2392 judicare,
1303 2316 1356 2397 qui

255 2411 346 2471 vitem
364 2412 571 2473 Demosthenis
585 2412 676 2473 literis
693 2412 877 2485 mandamus,
891 2410 929 2471 de
943 2408 1081 2491 Ulpiano,
1097 2420 1128 2469 et
1140 2408 1204 2469 eliis
1217 2408 1356 2471 vetustio·

256 2505 337 2565 ribus
349 2504 380 2563 iu
394 2504 482 2565 Dent.
497 2505 791 2576 commentatoribus;
812 2506 851 2565 de
871 2502 1040 2574 rationibus,
1055 2500 1159 2581 quibos
1173 2500 1294 2561 dirersis
1307 2519 1357 2562 ve·

256 2607 336 2657 teres
346 2596 391 2656 usi
404 2606 481 2667 sunt,
496 2597 643 2657 orationes
659 2598 746 2656 Deru.
758 2595 968 2666 distribuendi;
981 2595 1020 2652 de
1033 2591 1136 2653 lexicis
1148 2592 1220 2653 item
1232 2593 1357 2653 rhetori·

258 2689 311 2758 cis,
331 2699 362 2749 et
381 2707 448 2768 quse
467 2698 536 2747 sunt
557 2687 614 2747 slis
633 2688 802 2765 hujusmodi
823 2690 917 2767 pluro,
937 2684 1041 2765 quihus
1061 2684 1255 2751 omnihusrix
1267 2685 1357 2747 homo

257 2778 380 2839 sullioist
398 2778 554 2858 pertinacis
568 2790 599 2839 et
614 2777 801 2859 infatigabilis
816 2776 1002 2849 assiduitatis,
1015 2778 1064 2857 qui
1082 2788 1177 2838 totum
1197 2778 1358 2841 literature

258 2894 365 2954 graecoe
386 2873 523 2934 ambitum
542 2884 727 2952 pervagatus,
747 2892 808 2932 non
827 2868 977 2943 memoria,
997 2869 1029 2930 id
1041 2871 1121 2949 quod
1140 2883 1280 2950 negatum
1300 2885 1358 2948 est,

259 2967 314 3027 sed
326 2964 495 3027 edversmhs
509 2963 680 3024 conclusum
693 2964 813 3035 hebeat,
832 2962 884 3022 uhi
897 2962 1053 3042 diligenter
1065 2966 1248 3026 annotaverit
1260 2966 1360 3046 singu·

258 3061 304 3119 los
325 3076 456 3137 quosque
476 3057 559 3116 locos
572 3054 737 3135 veterisque
758 3074 901 3134 nosseque
920 3055 1079 3116 literature
1095 3057 1358 3139 quomodocunque

259 3152 300 3212 ad
310 3149 539 3209 Demosthenem
552 3147 704 3220 facientes,
714 3148 763 3227 qui
770 3148 1014 3209 bibliothecarum
1026 3148 1115 3222 sinus,
1125 3149 1245 3230 adquae
1254 3152 1358 3230 paucis

259 3243 357 3305 editus
370 3252 463 3322 putet,
477 3240 572 3302 ltalies
584 3240 735 3322 imprimis,
750 3241 802 3301 ubi
814 3240 906 3301 multe
922 3241 1044 3321 egregio
1060 3252 1093 3301 et
1110 3261 1212 3321 perum
1225 3244 1358 3322 cognite,

260 3335 414 3415 minusque
429 3333 526 3406 etiam,
539 3351 627 3413 quam
640 3353 694 3414 pro
702 3332 819 3412 merito,
828 3333 972 3394 esumeu
980 3334 1082 3411 jacere
1092 3345 1181 3415 atque
1189 3334 1248 3395 situ
1259 3337 1359 3415 perire

251 3446 382 3489 necesse
396 3437 451 3500 est,
466 3425 636 3489 excusserit
677 3426 772 3487 Nobis
792 3436 899 3496 autem,
916 3426 954 3487 ab
972 3426 1035 3487 istis
1054 3426 1187 3487 omnibus
1202 3427 1358 3508 presidiis,

259 3540 314 3583 seu
327 3520 464 3594 lortunoe,
485 3540 538 3581 seu
559 3519 716 3592 memorie,
738 3529 826 3599 atque
843 3518 1004 3591 industrie,
1018 3517 1149 3591 desertis,
1162 3530 1197 3580 ut
1217 3519 1268 3599 qui
1289 3539 1359 3583 sero

261 3615 470 3677 Demosthenis
484 3613 591 3675 edendi
610 3612 763 3677 consilum
780 3612 953 3693 ceperimus,
971 3631 1057 3694 pene
1078 3612 1218 3691 insperati,
1236 3624 1361 3694 preter·

259 3708 414 3785 mittenda,
432 3718 484 3768 aut
498 3718 579 3769 certe
594 3706 645 3766 vix
666 3706 770 3766 leviter
791 3706 1012 3786 perstringendo
1030 3717 1101 3767 sunt
1119 3705 1307 3779 hecomnia,
1325 3719 1361 3768 et

255 3800 393 3881 posteris,
407 3799 431 3861 si
451 3798 501 3880 qui
523 3810 616 3871 erunt,
632 3800 670 3859 de
690 3819 749 3879 quo
762 3798 978 3879 desperandum
994 3817 1054 3860 oon
1066 3809 1123 3871 est,
1142 3798 1302 3861 editorihtu
1313 3818 1363 3861 re·

259 3892 429 3973 linquenda.
469 3890 490 3952 J
492 3892 578 3952 uveni
590 3891 849 3971 fortunasqsetete
861 3902 893 3951 ct
905 3891 1039 3954 amicitiis
1050 3891 1177 3963 florenti,
1192 3892 1242 3953 cui
1255 3892 1361 3953 Qum

252 3984 299 4047 sit
312 3996 428 4047 exteros
441 3984 534 4065 adire,
547 3985 597 4064 qui
617 3985 722 4065 gratis,
737 3985 784 4045 vel
798 4004 879 4065 auro,
892 3984 949 4047 sibi
961 3986 1099 4047 obserata
1114 3984 1361 4047 bibliothecarum

258 4078 365 4141 scrinia
374 4097 503 4141 reserere
516 4078 618 4159 possit,
632 4078 680 4140 oui
691 4079 767 4140 vires
779 4078 838 4139 sint
847 4077 1094 4159 integrmingem
1106 4088 1138 4139 et
1151 4078 1285 4139 excelsus
1298 4079 1364 4141 ani·

253 4190 335 4244 mus,
349 4170 458 4232 invicto
466 4172 599 4232 laborum
608 4171 760 4251 patientie,
772 4189 855 4233 nores
868 4171 957 4243 oculi,
966 4172 1063 4233 rnulto
1074 4173 1164 4233 etiem
1176 4170 1272 4233 acrius
1279 4171 1363 4250 jodi-

260 4267 349 4338 dum,
358 4276 390 4326 et
403 4264 554 4347 diligentia
566 4266 645 4345 vigil,
660 4264 799 4345 quicquid
810 4266 902 4345 legat,
912 4265 953 4327 ad
966 4264 1196 4327 Demosthenem
1206 4282 1298 4325 uuum
1310 4284 1362 4327 re·

259 4359 426 4433 tetendiet
439 4360 468 4419 in
481 4358 695 4421 commentariis
709 4358 867 4420 condendi.
910 4358 975 4419 Nos
989 4377 1061 4421 sero
1073 4362 1136 4436 jam
1148 4356 1262 4419 senium
1275 4377 1364 4438 pene

258 4458 380 4538 ingressi
405 4453 545 4541 ecepimus
565 4470 633 4515 cum
658 4451 860 4514 Demosthene
882 4450 1039 4533 hospitium
1059 4449 1255 4522 ementem
1280 4450 1363 4512 uude
