2984 4917
205 332 239 399 a
509 332 752 426 aaaaaaao
776 332 1010 403 amamus.

210 522 317 595 etiam
345 518 536 610 consultor,
567 523 630 619 qui
664 523 762 619 apud
789 550 846 598 me
878 524 1149 623 praeclarissime
1173 523 1308 620 posuia·

211 654 286 716 tum
304 657 447 742 propter
464 645 630 719 amicitiae
649 648 939 745 conjunctionem
959 661 994 723 et
1013 648 1230 748 singularem
1242 672 1306 724 ne·

209 773 472 863 cessitudinem,
492 785 568 848 tum
593 776 694 874 quod
724 776 875 851 consilio
908 780 985 876 ejus
1006 776 1105 851 fideli
1135 802 1179 851 ac
1207 777 1304 851 bono

208 922 348 995 semper
363 897 499 972 utebar.
733 878 734 883 Ἰ

259 1022 454 1111 Caeterum,
485 1033 526 1095 ut
553 1022 649 1096 unde
681 1034 734 1096 est
758 1048 848 1113 orsa,
877 1026 915 1098 in
946 1024 1074 1099 eodem
1098 1008 1333 1099 terminetur‘

208 1144 375 1221 Praesatio
393 1172 482 1237 mea,
492 1144 776 1221 benevolentiam
788 1162 951 1238 vestrana
967 1148 1130 1223 Lectores
1142 1136 1301 1240 candidi,

207 1274 335 1347 iterum
358 1271 546 1371 etaaepius
571 1254 636 1345 ‘vos
662 1276 760 1370 rogo,
782 1275 907 1370 utqui
932 1274 1020 1346 vitia
1041 1271 1304 1371 typographica

207 1396 437 1495 maculasque
462 1396 609 1470 leviores
625 1394 723 1470 haud
740 1396 866 1495 iniquo
880 1396 1003 1496 lapillo
1027 1397 1241 1487 numeratis3
1266 1408 1304 1469 et

80 1604 85 1611 ,
133 1586 139 1599 .
208 1521 404 1613 Editorem‚
423 1522 486 1619 qui
511 1520 557 1593 de
574 1521 635 1595 die
652 1522 691 1593 in
703 1519 803 1597 ,diem
819 1518 959 1596 chartas
973 1520 1019 1595 ad
1037 1518 1187 1617 praelum
1204 1517 1301 1593 solus

207 1646 412 1747 apparabat,
431 1645 612 1743 solusque,
631 1658 822 1745 antequam
846 1650 989 1722 siccata
1013 1658 1096 1717 sunt
1121 1644 1208 1735 sole,
1223 1644 1301 1743 pla·

206 1769 310 1871 gulas
330 1772 540 1871 corrigebat,
558 1770 713 1867 benigne
728 1771 896 1843 tractetis.
932 1757 1136 1858 Εὗτυχεῖτε.
1384 1762 1387 1766 ’

246 1966 292 2025 Ex
306 1964 413 2025 Museo
429 1982 505 2035 meo,
525 1963 555 2023 in
573 1962 639 2023 vico
651 1982 740 2043 quem
757 1972 866 2023 vocant
885 1962 1082 2034 Hmaam,
1101 1982 1194 2045 prope
1217 1964 1302 2025 Lon·

202 2046 312 2119 dinam,
328 2046 375 2105 die
390 2042 560 2105 Decembris
574 2055 657 2105 sexto
672 2055 702 2104 et
714 2043 850 2104 vicesimo
860 2044 898 2103 A.
910 2043 949 2103 D.
964 2044 1227 2111 Mucccxxvl.
1243 2082 1251 2096 ·
