2984 4917
330 310 339 321 '
417 308 500 369 {AD
522 308 862 373 DEMOSTHENEM
883 312 1014 373 SUUM.
1103 312 1127 365 .'
1230 300 1278 370 xiii

180 465 254 525 dum
270 464 468 535 bio'inser'ere‚
484 466 550 525 surit
564 466 639 525 enim
654 462 829 545 hujusmodi.
842 465 913 540 (boe
925 468 982 543 eat)
1017 466 1078 526 Sed
1087 466 1132 524 de
1153 465 1280 525 hiscum

180 558 271 617 rriulta
284 558 391 634 possim
404 558 536 618 scribere
551 560 751 637 praetermitto.
773 560 890 619 Nullius
904 560 980 618 enim
991 578 1038 617 me
1053 558 1205 617 conscium*
1215 578 1281 617 esse

179 650 283 727 culpae,
299 649 338 707 ad
352 648 505 707 utilitatem
519 650 635 727 quidem
658 650 834 709 imbecillum
854 670 919 710 esse
933 651 1115 730 experientia
1129 650 1227 720 didici,
1241 649 1281 708 ad

179 746 320 815 maJorem
340 760 411 799 vero
435 742 599 800 moenitiam
620 740 1118 811 inferendam,'vehemeutissimum
1143 742 1282 800 omnium.

128 878 132 886 .
181 833 328 898 Quoniam
339 844 442 892 autem
455 834 589 896 omnibus
603 834 747 893 accusatis
769 834 948 893 reconciliati
963 834 1043 903 estis,
1058 833 1088 892 id
1110 832 1189 911 quod
1202 834 1280 891 bene

179 925 292 985 foetum
308 924 441 994 dixerim,
456 937 487 985 et
506 924 575 983 mihi
589 925 675 984 velim
688 926 896 997 reconciliemi,
911 926 963 984 riri
978 926 1191 985 Athenienses:
1212 944 1281 984 nam

179 1038 233 1077 vos
251 1038 348 1097 neque
368 1018 430 1076 ulla
452 1017 550 1077 adfeci
563 1018 675 1093 injuria,
698 1019 782 1077 Deos
802 1029 895 1079 testor
912 1030 944 1077 et
962 1018 1079 1092 heroos,
1092 1018 1162 1075 mibi
1180 1031 1282 1077 autem

181 1110 266 1171 tastis
281 1121 328 1169 est
340 1111 432 1169 omnis
447 1110 666 1181 anteactarum,
682 1111 728 1169 cui
739 1112 832 1189 magis
841 1117 953 1187 justum
966 1122 1058 1169 estut
1070 1110 1282 1169 fidem'habea·

179 1203 227 1273 tis,
241 1220 328 1279 quam
342 1202 438 1279 culpae
451 1202 521 1259 mihi
535 1220 613 1261 nunc
624 1202 728 1277 injuria
741 1203 841 1280 illatae,
854 1224 950 1282 neque
963 1222 1020 1281 ego
1033 1203 1184 1281 pessimus,
1198 1202 1282 1260 mini·

139 1294 143 1313 '
178 1313 263 1354 mere
285 1313 386 1353 eorum
405 1293 464 1353 lide
479 1294 583 1372 dignus
601 1295 735 1366 videbor,
756 1297 806 1375 qui
827 1298 975 1355 calumnia
994 1306 1062 1355 sunt
1082 1296 1281 1357 circumventi.

180 1386 275 1465 Atqui
290 1386 435 1445 discessus
450 1406 532 1444 meus
549 1386 693 1445 immerito
709 1408 759 1445 vos
773 1388 842 1446 mihi
856 1389 952 1448 reddit
966 1389 1074 1459 iratos;
1092 1366 1186 1467 ireque
1201 1389 1279 1447 enim

179 1500 234 1560 spe
243 1480 331 1539 vestri
339 1481 492 1539 destitutus
502 1480 621 1539 discessi
632 1502 639 1547 ;
655 1500 752 1557 neque
767 1480 824 1539 alio
837 1482 964 1540 animum
976 1481 1162 1561 applicuerim
1170 1500 1279 1553 meum,

182 1573 240 1633 sed
259 1571 385 1653 primum
408 1573 474 1653 quia
495 1572 684 1651 ignominiam
709 1574 833 1631 carceris
861 1574 984 1632 moleste
1012 1573 1107 1632 animo
1129 1574 1277 1632 ferebam:

181 1664 291 1725 deinde
302 1666 436 1743 quoniam
444 1677 566 1745 propter
576 1676 691 1723 aetatem
704 1666 852 1723 imbecillo
865 1683 986 1743 corpore
996 1665 1278 1744 miseriampert'erre

180 1778 242 1819 non
260 1770 405 1837 poteram·
444 1759 519 1817 Item
542 1778 601 1817 non
624 1757 840 1826 existimabam,
859 1758 939 1815 nolle
959 1777 1010 1815 vos
1024 1777 1126 1816 vacare
1146 1778 1194 1815 me
1206 1759 1280 1815 vitn-

181 1852 273 1930 perio,
294 1851 374 1929 quod
394 1850 475 1909 nullo
496 1850 577 1909 robis
601 1850 799 1909 emolumento
818 1849 883 1920 fuit,
903 1868 950 1907 me
963 1868 1033 1908 vero
1053 1848 1191 1927 perdidit.
1232 1849 1280 1907 Ad

180 1944 246 2003 haec
260 1944 290 2001 in
304 1943 395 2014 vobis,
406 1942 492 2000 nullis
503 1942 566 2001 aliis
579 1940 707 1999 animum
718 1940 809 1999 fuisse
819 1960 927 2013 meum,
941 1940 1038 1999 multis
1048 1940 1137 2018 signis
1150 1940 1281 2018 poteritis

181 2035 360 2115 perspicere.
402 2035 479 2094 Nam
495 2045 526 2093 et
546 2035 648 2093 urbem
664 2034 746 2113 petii,
761 2053 821 2091 non
841 2033 943 2111 inqua
963 2052 1009 2092 res
1028 2032 1170 2091 maximas
1186 2050 1282 2091 essem

181 2130 245 2208 ipse
259 2138 387 2199 acturus,
401 2127 497 2187 sedin
514 2146 600 2207 quam
615 2138 645 2185 et
659 2132 783 2202 majores
803 2137 920 2185 nostros
935 2127 1082 2205 profectos
1096 2145 1160 2185 esse
1174 2144 1283 2203 cogno·

182 2240 291 2291 reram,
306 2240 365 2299 quo
379 2232 509 2299 tempore
527 2220 583 2278 illis
598 2218 635 2279 de
650 2220 804 2277 Persarum
821 2238 894 2297 rege
913 2217 1075 2297 periculum
1095 2217 1280 2277 imminebat:

173 2324 215 2374 ,et
234 2317 317 2391 cujus
330 2313 482 2393 plurimam
505 2332 644 2391 ergarus
657 2312 883 2371 benivolentiam
904 2332 968 2370 esse
985 2330 1200 2389 perspexeram,
1216 2311 1280 2369 brec

183 2417 279 2467 autem
300 2418 345 2465 est
360 2402 580 2465 Troezeniorum
599 2405 708 2474 civitas,
729 2404 777 2463 cui
801 2416 881 2482 opto,
903 2413 936 2461 ut
950 2404 1009 2462 Dei
1028 2403 1217 2482 potissimum,
1239 2404 1280 2461 ob

181 2499 273 2579 ipsius
292 2518 429 2577 ergarus
451 2496 688 2569 benivolentiam,
703 2506 733 2556 et
748 2496 886 2557 collatum
907 2496 937 2553 in
957 2516 1005 2554 me
1025 2494 1202 2565 benificium,
1222 2494 1281 2553 sint

82 2584 85 2589 ¹
183 2610 285 2652 ornnes
299 2589 434 2661 benivoli,
448 2604 509 2648 turn
530 2589 602 2668 ipse,
613 2600 743 2649 servatus
757 2609 777 2648 a
789 2589 880 2658 vobis,
894 2608 998 2666 queam
1016 2590 1125 2646 rel'erre
1146 2586 1280 2665 gratiam.

184 2683 333 2743 Caeterum
343 2702 409 2741 oum
425 2683 452 2739 in
466 2682 523 2741 hac
533 2682 674 2753 nonnulli,
684 2693 717 2740 ut
729 2681 798 2739 mihi
809 2681 1053 2759 gratificarentur,
1067 2681 1217 2758 increpare
1228 2700 1281 2741 noa
1378 2728 1385 2736 .

185 2787 370 2844 conarentur,
391 2775 480 2853 idque
502 2774 559 2833 mei
578 2775 666 2835 animi
687 2774 869 2853 ignoratione
893 2794 950 2853 ego
970 2794 1022 2833 eos
1041 2793 1095 2852 pro
1111 2774 1228 2844 viribus,
1249 2785 1282 2832 ut

184 2869 261 2927 bene
275 2866 416 2937 dicerent,
431 2876 463 2923 ut
481 2886 577 2926 meum
593 2878 665 2936 erat,
680 2866 827 2936 admonui,
841 2885 900 2943 qua
912 2865 1093 2944 potissimum
1106 2884 1195 2924 causa
1206 2878 1281 2944 puto

186 2978 239 3019 eus
253 2976 353 3017 omnes
366 2958 522 3017 admiratos
536 2958 653 3037 publice
667 2977 714 3017 me
729 2956 895 3015 honorasse.
926 2957 987 3014 Sed
1000 2976 1068 3015 cum
1079 2955 1218 3027 viderem,
1233 2958 1283 3014 be-

184 3050 501 3129 nivolaotiamquidem
515 3050 664 3109 hominum
683 3066 827 3127 magnam,
845 3049 901 3109 sed
913 3047 989 3107 vires
1001 3048 1033 3106 in
1052 3048 1209 3127 praesentia
1229 3048 1283 3105 im-

185 3143 314 3216 becillas,
322 3142 352 3201 in
364 3142 493 3221 Neptuni
505 3144 645 3222 templum
660 3144 818 3222 profectus,
827 3142 857 3201 in
872 3143 1016 3202 Calaurea
1024 3140 1120 3200 insula
1128 3160 1174 3199 me
1188 3142 1282 3200 conti·

184 3256 253 3307 neo,
266 3255 325 3294 nou
339 3236 431 3295 solnm
445 3236 547 3295 tutelae
560 3236 663 3314 gratia,
672 3255 761 3314 quarn
775 3235 843 3293 mihi
857 3254 924 3294 esse
937 3253 1025 3313 spero
1039 3234 1076 3292 ob
1090 3234 1283 3293 reverentiam

185 3328 310 3389 numinis
325 3330 432 3406 (neque
447 3328 523 3386 enim
538 3338 619 3387 certe
632 3328 704 3399 scio,
718 3346 787 3386 narn
798 3346 865 3405 quae
878 3326 908 3385 in
919 3326 1039 3385 aliorum
1053 3325 1173 3385 arbitrio
1186 3337 1217 3384 et
1231 3344 1282 3385 ro·

184 3422 300 3481 luntate
318 3420 412 3498 posita
424 3431 501 3487 suut,
521 3430 639 3479 tenuem
653 3438 697 3479 ao
717 3419 859 3478 incertam
874 3419 1006 3497 praebent
1018 3417 1191 3496 periclitanti
1206 3430 1284 3477 tute·

183 3513 266 3588 lam),
281 3512 335 3573 sed
354 3512 441 3572 etiam
460 3512 529 3592 quia
549 3510 671 3590 patriam
691 3510 837 3589 prospicio
849 3510 918 3569 inde
932 3510 1080 3588 quotidie:
1102 3528 1174 3587 erga
1196 3528 1284 3590 quam

185 3616 281 3665 nuta
293 3604 364 3665 mdri
385 3604 518 3663 conscius
536 3623 600 3663 sum
622 3602 838 3675 benivolentiae,
855 3613 993 3680 quautam
1012 3602 1152 3681 consequi
1174 3614 1243 3681 opto
1264 3623 1285 3663 a

185 3696 279 3757 robis·
299 3697 496 3773 Quapropter,
506 3695 558 3755 viri
572 3695 781 3765 Athenienses,
791 3714 830 3753 ne
840 3694 1041 3754 diutiuslrisce
1051 3694 1181 3753 detinear
1190 3694 1284 3765 malis,

186 3809 225 3849 ea
238 3788 307 3847 mihi
321 3788 479 3859 decernite,
494 3808 562 3866 quse
574 3788 643 3847 olim
658 3787 730 3857 aliis,
745 3798 806 3845 tum
820 3806 857 3846 ne
871 3786 943 3865 quid
955 3786 1107 3866 indignum
1120 3786 1200 3847 vobis
1212 3788 1285 3846 milri

186 3882 323 3943 eveniat:
337 3892 399 3939 tum
414 3880 502 3939 otiam
515 3900 554 3940 ne
567 3880 689 3960 supplex
703 3879 767 3939 aliis
780 3898 846 3938 esse
860 3897 958 3955 cogar,
973 3898 1041 3937 uam
1054 3899 1111 3939 neo
1124 3880 1207 3939 vobis
1222 3881 1285 3960 qui·

167 3998 172 4005 ¹
186 3976 256 4035 dem
269 3974 300 4033 id
313 3973 414 4033 decori
431 3972 527 4033 suerit
568 3973 656 4039 Quod
670 3972 699 4033 si
707 3970 850 4031 redeundi
864 3971 1010 4030 vobiscum
1025 3971 1054 4031 in
1068 3972 1192 4049 gratiam
1205 3974 1285 4032 nulla

184 4065 257 4127 mibi
270 4066 307 4124 sit
318 4082 386 4142 spes
400 4064 521 4144 reliqua,
535 4064 613 4125 mori·
622 4084 668 4123 me
683 4074 763 4123 esset
775 4062 886 4122 melius.
908 4062 1031 4134 Videtis,
1044 4065 1160 4141 quantis
1170 4084 1285 4143 semper

184 4160 216 4217 in
230 4156 312 4217 melis
325 4167 454 4217 versatus
466 4156 555 4217 fuerit
569 4156 663 4215 inber.
705 4158 803 4222 Quare
815 4174 875 4212 non
893 4154 981 4213 miror
994 4174 1013 4213 a
1025 4166 1123 4235 satyro
1136 4157 1284 4235 scriptum,

186 4252 256 4314 Diis
275 4251 325 4309 ille
346 4250 474 4311 adversis
489 4251 613 4329 genitus,
626 4250 747 4327 fatoque
768 4248 892 4309 sinistro.
933 4248 1013 4316 Quid
1027 4250 1106 4328 quod
1125 4252 1175 4310 illo
1195 4252 1285 4309 etiam

183 4354 233 4403 tot
246 4347 309 4417 jam
324 4342 427 4402 recula
439 4340 563 4415 mortuo,
579 4362 662 4401 suum
682 4342 779 4401 adhuc
790 4341 920 4421 fortuna,
934 4342 1283 4423 licetsempervariasit,

177 4450 278 4519 atque
296 4438 460 4512 -inrubita,
473 4459 588 4503 serrare
609 4450 741 4501 tenorem
761 4438 900 4499 ridetur?
932 4438 1009 4499 Nam
1026 4437 1284 4499 abhinc-feretri·
