2984 4917
477 282 541 343 AD
561 275 917 344 Demostratum.
943 324 959 339 .-
1238 287 1291 349 ion·

179 433 646 518 damnosissimum
660 438 889 520 ntisdipestsm
908 457 985 514 sus,
1003 439 1287 509 ssdsuldtsenrb

178 528 313 588 versariis
327 528 461 602 effusam,
476 532 593 592 tsmeffi
612 524 674 592 non
686 524 814 594 dicarem
833 533 907 613 ipis,
927 535 1009 614 qood
1026 535 1107 615 slepe
1118 531 1286 615 issimip'sh'

180 629 280 681 tamen
294 623 365 682 satis
378 623 526 702 proderet.
562 621 612 684 Sic
625 635 722 685 sutem
736 625 874 686 scribenti
886 645 946 688 non
960 627 1059 688 omnis
1070 628 1139 688 loeo
1152 647 1206 688 suo
1220 648 1286 690 suo·

181 725 310 774 currunt.
353 717 451 794 Agim
476 715 574 796 itaque
598 717 656 777 boc
677 718 856 797 prelationis
877 718 1081 799 supplemento
1101 720 1226 799 primum
1247 722 1285 781 de

180 809 356 881 discrimine,
371 810 451 889 quod
465 819 619 889 utramque
633 810 843 872 Demosthenis
862 811 1022 872 editionem
1037 811 1187 884 Aldinam,
1201 823 1285 874 vetu-

180 901 299 962 stiore·
316 912 348 962 et
361 903 520 979 juniorem,
538 903 713 974 interceditt
741 915 805 964 tum
826 903 864 965 de
885 904 1015 965 editione
1031 903 1189 978 Feliciani3
1216 915 1284 985 post

178 993 218 1054 de
229 993 332 1054 codice
347 994 522 1075 Augustsno
536 1006 631 1068 serto,
638 995 688 1075 qui
702 1015 797 1077 nuper
809 996 936 1069 demum,
950 1015 1053 1057 menso
1068 996 1181 1057 Martio
1194 996 1283 1075 hujus

179 1087 248 1146 anni
261 1088 352 1151 1770.
374 1087 413 1146 sd
432 1105 481 1148 me
501 1087 631 1168 perlatus
652 1099 707 1148 est.
748 1090 869 1149 Addam
889 1089 1029 1161 tabulam,
1049 1107 1108 1169 qua
1126 1088 1282 1150 divisiones

180 1179 345 1240 orationum
358 1179 645 1241 demosthenicsrum
660 1181 819 1255 exhibebo,
832 1179 938 1260 quibus
950 1191 1067 1241 veteres
1082 1181 1249 1253 utebantur,
1264 1201 1283 1242 e

178 1271 463 1342 codiceBsrsriess
488 1273 651 1333 tendam
664 1273 796 1334 tabulam
808 1273 953 1348 locorum,
967 1273 1280 1353 qnossrbitmtumeo

178 1380 219 1423 cx
232 1363 351 1443 ingmio
365 1383 433 1426 meo
446 1365 530 1426 aliter
543 1365 672 1441 exhibui,
691 1371 779 1446 etque
797 1366 935 1444 leguntur
953 1366 983 1425 in
997 1365 1078 1425 libris
1091 1364 1280 1445 vulgsrrbus3

177 1456 292 1516 tertiam
310 1455 448 1536 denique,
469 1477 529 1538 qua
546 1458 690 1520 lectiones
704 1477 723 1519 s
735 1457 856 1531 Wolfio,
877 1457 1006 1538 Tayloro
1020 1457 1142 1538 aliisque
1156 1457 1280 1537 excogi-

178 1558 265 1621 tatas,
283 1560 315 1609 et
328 1568 346 1609 a
358 1569 405 1609 me
423 1550 453 1609 in
474 1559 588 1611 textum
609 1561 754 1630 receptas,
774 1551 1000 1630 representsbo.
1043 1549 1196 1614 Postrduo
1213 1549 1282 1611 loco

178 1643 296 1702 nomina
309 1641 393 1702 edam
407 1661 517 1716 eorum,
534 1643 584 1724 qui
601 1643 741 1724 pecunias
763 1643 794 1702 in
812 1644 891 1704 hunc
911 1643 1036 1724 primum
1051 1644 1150 1724 operis
1164 1642 1223 1704 mei
1237 1654 1282 1704 to·

177 1753 257 1794 mum
270 1731 303 1794 ln
315 1747 499 1798 antecessum
513 1753 638 1818 erogare
649 1737 816 1812 voluerunt,
831 1756 904 1820 ques
917 1737 1006 1818 vulgo
1025 1736 1279 1801 Proenumbrsntes

178 1827 339 1908 appellant.

557 2241 686 2309 succ.
711 2230 903 2343 xxrrrr.

478 2413 525 2473 De
539 2415 692 2474 discrimine
704 2415 849 2492 utriusque
861 2415 980 2475 Aldine.
1071 2472 1076 2480 ,

216 2571 331 2633 Suras
342 2587 371 2650 p.
380 2567 469 2629 cxlix.
480 2567 660 2650 proeist'ionis
670 2568 819 2645 affirmavi,
823 2569 967 2647 judicium
977 2569 1169 2651 precipitem,
1176 2592 1210 2634 re
1218 2593 1278 2634 non

176 2665 245 2728 satis
259 2665 419 2745 explorata,
435 2663 534 2724 ambas
548 2661 674 2726 Aldinae
687 2663 861 2743 paginarum
874 2673 905 2724 et
916 2683 1052 2724 versuum
1065 2667 1187 2736 numero
1200 2667 1277 2726 iuter

176 2779 208 2821 so
222 2757 390 2819 convenire.
431 2756 466 2816 In
479 2773 537 2836 quo
550 2775 599 2816 me
612 2755 718 2816 falsum
732 2755 834 2827 fuisse,
848 2755 979 2836 aliosque
997 2757 1215 2837 imprudentem
1235 2757 1278 2820 fe-

176 2851 297 2923 fellisse,
311 2869 360 2909 me
373 2849 471 2910 docuit
480 2847 665 2929 postmodum
679 2847 848 2928 diligentior
860 2849 1011 2928 utriusque
1022 2849 1176 2930 inspectio.
1207 2851 1278 2911 Dis·

177 2944 305 3004 sentiunt
325 2942 473 3003 enimvero
493 2941 552 3001 illm
573 2941 640 3002 duas
663 2940 808 3002 editiones
826 2942 903 3001 inter
923 2961 966 3015 se,
979 2961 1038 3001 non
1056 2942 1087 3001 in
1100 2940 1278 3006 lectionibus

176 3037 275 3110 modo,
295 3034 457 3096 sedetiam
474 3034 572 3095 multis
592 3033 656 3096 aliis
674 3035 773 3095 rebus.
813 3033 985 3095 'l'oediosum
1002 3033 1041 3095 sit
1060 3035 1196 3114 exempla
1214 3038 1279 3112 ejus

176 3129 219 3189 rei
230 3129 323 3190 mults
335 3147 516 3208 proponam
534 3131 618 3205 juvat
626 3135 726 3188 mmen
739 3126 874 3207 quadam
887 3127 1044 3188 observatu
1056 3126 1190 3188 faciliora
1201 3138 1234 3188 et
1246 3126 1278 3188 in

175 3221 277 3284 oculos
294 3221 394 3282 statim
407 3217 583 3280 incurrentia
596 3219 680 3298 signa
694 3218 794 3291 edere,
813 3235 915 3278 eorum
935 3217 966 3277 in
979 3217 1113 3298 gratim
1127 3217 1151 3280 si
1165 3218 1216 3298 qui
1227 3230 1279 3279 sut

174 3324 308 3376 vetustos
321 3313 410 3373 libros
424 3330 560 3374 coemere
574 3321 682 3384 amant,
697 3319 750 3370 eut
758 3300 882 3371 =historia
894 3310 1040 3371 nascentis
1053 3310 1124 3371 artis
1136 3321 1279 3391 typogra-

175 3407 273 3488 phicm
288 3406 481 3476 delectantur,
493 3413 544 3464 sut
558 3401 690 3464 criticam
700 3413 854 3462 exercent.
875 3401 989 3472 Quibus
998 3402 1079 3462 band
1088 3403 1279 3479 injucundam

175 3499 239 3558 fore
259 3514 345 3578 spero
363 3497 438 3560 banc
459 3495 498 3556 ds
517 3493 626 3557 Aldina
647 3493 856 3558 Demosthenis
876 3493 1122 3558 dissertationem.
1162 3495 1200 3555 In
1213 3494 1278 3575 ipso

174 3593 273 3654 statim
283 3593 371 3654 titulo⁴
376 3591 496 3672 insignis
507 3599 538 3651 et
546 3589 667 3651 eudem
677 3587 856 3669 compicibrr
869 3589 1075 3670 discrepantis.
1102 3582 1278 3670 compendii

174 3705 263 3749 causa
275 3685 466 3748 vetustiorem
485 3683 642 3768 appellabo
663 3683 705 3742 A.
721 3683 870 3760 juniorem
889 3683 927 3743 B.
965 3683 1005 3744 Iu
1018 3684 1060 3744 A.
1072 3683 1174 3762 itaque
1187 3701 1276 3744 versu

174 3781 270 3860 primo
282 3780 368 3840 litera
382 3778 470 3841 tertis
481 3775 617 3841 vocabuli
638 3777 722 3852 λόγοι
742 3787 862 3838 exarata
878 3785 925 3836 est
939 3775 982 3838 sic
997 3780 1063 3852 siut
1076 3775 1103 3836 Γ
1114 3773 1210 3838 minus
1230 3795 1278 3836 re·

174 3873 261 3950 ferat)
276 3874 305 3933 iu
323 3873 359 3935 B.
378 3884 476 3935 autem
493 3899 524 3949 γ.
566 3871 661 3932 Versu
681 3867 810 3930 secundo
828 3868 937 3950 legitur
956 3869 988 3928 in
1008 3869 1045 3928 A.
1065 3867 1170 3929 eheie
1188 3868 1220 3927 in
1238 3868 1276 3928 B.

215 4005 231 4039 'l'

175 4065 264 4120 aueo.
308 4059 369 4120 Sed
381 4070 506 4139 uterque
520 4057 677 4139 delphinus
691 4055 822 4138 inprimis
839 4066 886 4116 est
898 4052 1113 4115 dissimillimus.
1128 4061 1160 4112 et
1176 4051 1278 4112 tedio-

175 4173 239 4216 sum
254 4152 303 4230 sit,
318 4171 414 4233 neque
427 4151 515 4212 facile
528 4151 589 4224 fiat,
604 4161 638 4210 ut
651 4150 783 4210 oratione
797 4149 996 4214 demonstrem
1009 4145 1090 4207 iilsm
1108 4145 1279 4224 discrepan-

174 4248 264 4317 tiaru;
291 4247 382 4306 oculis
396 4246 492 4326 potius
511 4255 668 4324 utrumque
686 4241 837 4322 subjiciam
855 4241 938 4322 ligno
955 4239 1090 4312 incisum,
1112 4239 1150 4298 ab
1171 4235 1275 4308 Hafio,

175 4339 310 4400 Halense
326 4339 432 4414 Saevo,
446 4338 553 4401 solerte
566 4335 689 4413 artifice,
702 4335 753 4417 qui
767 4334 857 4397 etiam
869 4333 1003 4415 exempla
1014 4346 1152 4414 typorum
1161 4327 1281 4390 Aldine·

220 4463 297 4507 von.
319 4463 343 4508 1.
747 4445 798 4502 ic
