2984 4917
516 305 579 368 AD
599 301 949 366 DEMOSTHENEM.
1196 323 1271 366 cxcv

168 455 400 539 :quipsrandaa
441 457 552 522 Mitem
564 457 646 520 dictu
657 469 713 532 est,
728 479 816 540 qnam
828 460 960 540 turpibus
977 461 1072 521 modis
1091 463 1267 542 posteriores

170 553 298 612 editores
311 571 331 612 e
339 549 478 630 primariis
491 550 559 612 edd.
571 551 778 624 desciscentes,
790 572 842 612 ssu
855 553 1000 623 socordis,
1009 573 1065 614 seu
1076 555 1201 626 inscitia,
1212 575 1267 616 seu

167 644 339 714 ambitione,
353 661 408 702 seu
420 642 639 722 importunitate
662 644 789 723 quodem
808 643 921 720 critica,
941 646 1036 706 bonos
1059 657 1194 707 tumores
1214 646 1266 707 de·

168 735 369 806 formaverint,
385 744 417 796 et
428 735 552 815 vestigia
565 736 707 796 bonarum
727 735 895 806 lectionum,
918 735 981 796 sine
1001 739 1108 817 quibus
1129 749 1266 799 auctores

166 827 293 908 intelligi
306 837 468 908 nequeunt,
483 827 709 891 obscuraverint.
737 829 958 889 Demonstrabit
977 828 1052 890 libor
1072 841 1173 891 noster
1194 831 1267 892 vari·

167 921 289 990 antium,
303 919 375 1000 quid
392 920 552 981 lectionum
564 920 859 982 Demosthenicorum
880 929 1011 982 versetur
1031 921 1061 979 in
1083 923 1171 995 libris,
1192 943 1266 1002 qno·

168 1030 234 1072 rum
247 1011 334 1091 copia
354 1013 438 1072 nobis
460 1012 524 1084 iuit,
545 1013 666 1092 etquid
685 1024 813 1074 vetustas
833 1013 918 1074 nobis
938 1012 1106 1084 tradiderit;
1124 1017 1266 1095 numquis

168 1106 276 1185 primus
299 1105 401 1166 vitium
425 1105 530 1184 cuique
553 1106 621 1166 loeo
643 1105 773 1170 intulerit
780 1125 790 1174 3
814 1107 944 1194 denique
956 1107 1020 1187 quis
1033 1107 1143 1186 primus
1166 1127 1266 1170 corre·

169 1199 253 1270 serit,
267 1198 479 1277 autquomodo
500 1197 602 1258 vitium
623 1198 730 1278 corrigi
752 1198 867 1260 debeat.
919 1199 990 1260 Hoc
1012 1199 1131 1260 demum
1150 1199 1265 1262 rau'oue

168 1301 267 1372 potest
281 1290 320 1351 de
333 1290 455 1350 veritate
469 1285 601 1350 lectionis
616 1289 854 1352 Demosthenicoa
875 1303 1019 1354 censure.
1062 1291 1133 1354 Non
1151 1293 1265 1354 minore

167 1383 310 1462 religione
332 1382 452 1443 useuri
472 1401 492 1442 e
512 1382 596 1442 nobis
614 1382 724 1444 debent
744 1395 879 1445 auctores
899 1383 1024 1464 proferri,
1041 1396 1131 1464 etque
1145 1384 1265 1446 Novum

170 1475 399 1536 Testemenbrm.
414 1494 473 1555 qus
484 1474 524 1535 de
544 1493 632 1536 causa
656 1475 775 1537 codices
788 1477 829 1536 N·
842 1477 880 1538 T.
903 1477 1008 1538 sedulo
1028 1477 1205 1551 excutimus,
1218 1496 1266 1540 es·

166 1567 234 1628 dem
253 1567 293 1628 de
312 1585 401 1656 causa
422 1569 510 1628 etism
529 1569 737 1629 Demosthenis
758 1569 950 1648 aliorumque,
963 1579 1109 1648 quotquot
1120 1581 1199 1643 sunt,
1212 1589 1264 1642 re·⁴

166 1669 309 1720 oratorum
335 1670 487 1722 auctorum
511 1659 629 1722 codices
653 1661 764 1740 inspici,
789 1680 946 1740 earumque
968 1661 1116 1722 lectiones*
1137 1663 1211 1734 erui,
1231 1673 1264 1722 et

165 1753 287 1834 proferri
308 1771 361 1832 pur
381 1763 435 1814 est.
456 1772 526 1812 nem
544 1753 608 1814 sols
627 1753 693 1814 boec
708 1765 755 1814 est
767 1753 815 1814 via
827 1754 980 1814 veritatem
1002 1754 1170 1816 historicam
1189 1755 1264 1814 texti

165 1850 318 1925 cujusque,
336 1844 397 1904 sire
418 1864 541 1916 merum,
561 1844 622 1906 sive
643 1845 798 1924 profanum
818 1857 873 1918 est,
895 1865 914 1906 e
938 1865 1084 1906 consensu
1105 1845 1263 1906 multorum

164 1941 347 1998 vetustorum
366 1939 496 2016 probare
515 1937 586 2000 fidei
608 1937 746 1999 codicum
764 1938 993 1999 demonstrandi.
1035 1938 1085 1998 Sic
1107 1940 1262 2016 cognosci·

164 2049 228 2090 mus
241 2029 369 2108 origines
381 2047 521 2102 errorum,
532 2029 577 2090 sic
590 2031 693 2091 modos
707 2029 891 2101 emendandi,
901 2029 945 2090 sic
957 2029 1052 2089 mnu
1064 2029 1180 2090 occulta
1191 2029 1263 2090 vitia

164 2121 379 2200 investigamus,
399 2121 443 2182 sic
464 2133 666 2202 corruptorum
687 2122 834 2202 nequitias
853 2120 1108 2202 deprehendimus,
1131 2122 1177 2182 sic
1196 2123 1261 2182 lou·

164 2215 232 2276 dem
252 2213 399 2275 emendati
421 2224 471 2274 eut
491 2215 631 2275 vindicati
652 2221 794 2294 cujusque
815 2215 874 2275 loci
893 2215 1006 2276 auctori
1026 2234 1081 2275 suo
1101 2214 1262 2275 tribuimus.

164 2310 232 2391 Ego
245 2309 382 2390 equidem
402 2327 470 2370 cum
488 2308 575 2368 video
593 2320 713 2370 suenus
732 2309 886 2370 doctmum
908 2307 1057 2366 hommum
1078 2325 1203 2387 opera
1188 2306 1261 2366 elio·

163 2421 228 2462 rum
240 2413 308 2482 post
327 2399 398 2462 alios
421 2400 552 2460 limeum
567 2400 799 2460 Demosthenem
822 2408 855 2457 et
873 2398 1019 2476 gradatim
1041 2398 1194 2459 meliorem
1213 2399 1261 2458 fs·

164 2505 254 2566 mum,
269 2504 303 2553 nt
315 2511 390 2554 nunc
403 2493 545 2573 possimus
558 2507 596 2552 eo
606 2509 673 2552 cum
686 2491 784 2569 aliqua
795 2489 1002 2561 delectatione,
1022 2489 1115 2548 multo
1135 2490 1259 2568 expedi·

163 2586 229 2659 tius,
254 2597 341 2665 atque
364 2591 489 2662 majores
512 2584 603 2644 nestri
626 2593 772 2664 poterent,
794 2582 848 2651 nti,
871 2599 996 2642 veneror
1018 2600 1120 2642 eorum
1146 2601 1260 2655 manes,

163 2682 212 2760 qui
229 2679 289 2738 mei
310 2696 408 2746 eausa,
423 2695 511 2757 quem
532 2695 592 2736 non
613 2686 728 2748 norant,
748 2675 878 2736 nondum
899 2684 1010 2744 natum,
1031 2674 1258 2736 innumerabiles

161 2789 315 2850 suscepere
340 2769 465 2840 labores,
494 2787 616 2848 quornm
642 2785 738 2846 neque
764 2785 928 2837 numerum,
955 2784 1055 2845 nsque
1080 2767 1259 2845 magnitudi-

162 2883 228 2924 nem
254 2861 430 2940 cogitatione
455 2869 657 2938 consequatur,
679 2859 734 2918 nisi
757 2859 807 2937 qui
830 2857 917 2918 simili
937 2858 969 2916 in
988 2857 1109 2936 pistrino
1131 2858 1259 2919 desuda.

161 2955 251 3026 verit;
273 2955 395 3035 parique
414 2953 501 3012 modo
523 2971 608 3030 spero
626 2950 767 3019 futurum,
787 2960 820 3008 ut
838 2960 924 3027 grata
942 2948 1099 3027 posteritas
1118 2949 1259 3010 memisse·

162 3051 198 3111 rit
210 3049 377 3129 aliquando,
391 3047 481 3106 fuisse
496 3045 648 3105 Reiskinm
663 3044 821 3124 quendam,
836 3041 984 3102 bominem
997 3041 1183 3114 laboriosum,
1196 3043 1256 3122 qui,

161 3163 219 3223 quo
234 3140 464 3202 Demosthenem
486 3137 541 3198 sibi
561 3137 593 3196 in
614 3155 717 3196 manus
731 3136 817 3195 daret
829 3135 911 3194 lectu
930 3146 963 3194 et
980 3144 1123 3213 perceptu
1141 3135 1256 3214 planio-

158 3255 229 3307 rem,
245 3231 550 3310 emscuistioremque,
570 3229 657 3288 nullis
677 3227 791 3307 vigiliis,
813 3227 887 3286 nulli
904 3245 1010 3306 operte,
1031 3225 1104 3286 nulli
1120 3227 1256 3305 pecuniae

159 3331 246 3406 adeo,
264 3325 437 3408 peperserit,
452 3322 558 3383 multas
571 3321 795 3382 commoditates
809 3312 960 3401 spreverit,
973 3317 1079 3378 mtrltm
1091 3318 1172 3377 taedii
1191 3319 1256 3399 ple·

158 3423 288 3484 aisdmes
301 3419 447 3480 molestias
467 3416 544 3475 ultro
558 3415 729 3494 susceperit,
749 3433 855 3474 monas
875 3412 1031 3473 stultorum
1053 3411 1253 3482 contemserit,

153 3519 299 3592 jacturam
320 3511 363 3570 rei
379 3507 537 3578 familiaris,
555 3509 702 3586 boumque
721 3505 896 3566 valetudinis
917 3505 996 3563 bono
1011 3501 1129 3581 publico
1149 3503 1255 3563 lubens

157 3603 374 3673 condonaverit,
383 3601 457 3661 vires
470 3599 577 3660 mentis
590 3610 622 3660 et
635 3598 764 3678 corporis
777 3597 954 3676 impenderit
963 3596 1128 3674 ignotorum
1136 3595 1253 3665 studiis,

157 3694 367 3765 commoditati,
386 3691 584 3753 delectationi.
626 3691 791 3751 Doctorum
804 3689 952 3748 hominum
965 3688 1004 3748 ad
1024 3687 1178 3746 Demostb
1191 3687 1256 3748 ani·

156 3790 374 3854 madveriiones
388 3787 457 3846 dum
472 3783 602 3854 excutio,
616 3782 787 3843 maturabas
799 3777 1206 3858 bumammgenusolertram
1221 3790 1254 3840 et

156 3887 273 3966 igneam
286 3879 444 3952 cimoliae
464 3877 631 3937 coecitstem
651 3885 683 3935 et
706 3875 909 3934 infirmitatem.
950 3873 987 3931 In
1000 3871 1256 3932 emendationibus

154 3979 289 4040 felicibus
303 3985 334 4034 et
347 3991 431 4052 paene
446 3968 551 4030 divinis
572 3987 662 4028 cerno
683 3979 713 4027 et
726 3966 915 4027 mirabundus
929 3964 1058 4043 suspicio
1069 3964 1127 4024 vim
1146 3963 1254 4025 mentis

154 4073 300 4138 humanae,
315 4085 353 4126 ex
366 4063 489 4126 occultis
501 4061 630 4140 vestigiis
640 4061 791 4122 renotem
806 4059 951 4130 eruentis,
964 4077 1063 4119 rursus
1076 4068 1209 4119 wantos
1220 4057 1257 4116 in

155 4166 243 4224 rebus
252 4158 345 4220 obviis
358 4166 389 4217 et
402 4154 567 4225 notissimis,
587 4153 700 4232 sibique
713 4171 830 4233 prorsus
843 4152 994 4213 dissimiles
1008 4171 1075 4214 cum
1087 4152 1184 4222 video,
1198 4151 1257 4210 ob·

153 4257 279 4325 lirinens,
302 4250 540 4330 earumipsarum
555 4265 661 4318 rerum,
677 4265 749 4327 ques
762 4255 891 4317 nossent,
906 4245 1035 4326 alibique
1047 4264 1127 4324 saepe
1139 4242 1252 4322 optime

154 4349 350 4416 tradidissent,
365 4343 559 4411 immemores,
572 4358 679 4419 pueros
699 4359 784 4418 paene
803 4327 967 4418 turpissime
980 4357 1013 4398 se
1026 4338 1141 4406 dantes,
1153 4352 1253 4394 recor·

155 4443 207 4508 dor
219 4440 304 4506 sorus
316 4433 565 4508 meminiscendo
585 4451 633 4494 me
648 4432 726 4495 subit
746 4431 832 4494 sortis
852 4429 922 4491 mibi
942 4449 1011 4490 cum
1029 4429 1157 4489 bernano
1170 4427 1262 4496 omni.
