2984 4917
217 321 318 385 clxxvi
552 322 718 387 antam
737 324 965 387 Panemo

216 491 248 541 et
261 478 418 560 exquisitas
432 474 652 554 consectsntm,
667 500 737 541 vore
750 477 878 543 diflicilia
889 491 1072 562 preteream
1083 490 1118 541 et
1127 480 1322 557 numanus,
1356 547 1361 553 ,

214 572 247 631 in
258 574 345 633 rebus
358 574 519 653 perspicuis
533 574 571 633 de
584 572 714 634 unebris
728 584 900 651 queruntur,
914 573 1129 654 expeditostn's
1141 573 1262 653 argutiis
1274 574 1321 633 in·

215 665 332 735 tricent,
349 658 432 727 clorn¹
449 668 623 747 perturbant
641 677 672 726 et
684 666 855 726 obscurant.
896 666 1028 747 Tayloro
1041 668 1065 727 si
1077 667 1241 729 natandum
1254 667 1323 727 sine

215 758 326 818 cortice
340 758 442 819 Wolfii
450 760 565 829 sitisset,
579 779 626 819 nm
639 758 824 819 accessisset
837 758 893 819 sibi
905 762 945 819 ab
959 759 1014 819 hac
1028 760 1189 830 natatione,
1202 770 1255 819 ant
1266 780 1321 839 pe·

214 848 339 911 ricuium
353 855 416 927 ejus
437 871 506 913 com
520 838 668 913 dedecore
683 870 736 911 suo
756 850 888 911 iecisset.
929 851 1042 931 Ecquis
1054 852 1134 912 enim
1155 851 1267 932 Taylor
1279 852 1320 912 ad

214 939 373 1003 Wolfiuml
394 943 520 1023 Largior
534 944 661 1022 Anglum
681 942 712 1001 in
729 947 797 1019 jure
810 942 917 1003 Attico
929 945 1020 1023 paulo
1039 944 1106 1024 plus
1116 944 1226 1004 vidisse
1240 943 1320 1003 Ger«

213 1053 312 1108 mono,
326 1036 407 1114 quod
426 1037 532 1096 mirum
546 1056 605 1096 non
619 1046 665 1095 est
678 1044 746 1114 po'st
764 1034 874 1114 scripta
886 1034 986 1110 Potiu,
1001 1036 1147 1108 Salmasii,
1167 1036 1320 1096 Martenoi

214 1138 246 1187 et
265 1128 391 1189 maxime
405 1118 514 1190 Valesii
535 1129 574 1189 ad
587 1127 867 1207 Harpocratinnem,
881 1148 948 1207 quae
961 1129 1063 1188 Woifii
1080 1138 1171 1189 aetate
1186 1128 1321 1189 nondum

213 1232 284 1281 nato
305 1231 398 1297 erant.
437 1221 562 1301 Largior
581 1222 640 1280 hoc
659 1238 788 1300 quoque,
809 1220 969 1301 Taylorum
989 1222 1206 1283 instructiorem
1223 1222 1321 1282 fuisse

214 1314 306 1393 copiis
325 1314 463 1373 librorum
482 1313 783 1388 demosthenicum,
806 1323 839 1375 et
861 1315 967 1376 melino
986 1315 1021 1375 iis
1043 1316 1085 1375 uti
1105 1316 1207 1386 scisse,
1225 1334 1319 1395 quam

169 1436 175 1448 ι
214 1406 366 1478 Wolfium‚
377 1426 463 1486 quem
475 1418 548 1467 setas
560 1407 629 1467 tulit
646 1405 796 1466 nascende
807 1406 905 1467 adhuc
918 1407 1047 1481 critices,
1060 1419 1092 1467 et
1104 1408 1136 1467 io
1147 1408 1319 1469 ordinandis

212 1499 269 1559 illis
287 1498 460 1559 lectionibus
472 1499 562 1561 foisse
577 1497 795 1579 diligentiorem
810 1510 902 1578 atque
914 1501 1110 1563 solertiorem.
1148 1502 1186 1561 In
1200 1501 1318 1563 caterio

213 1602 311 1651 umen
327 1592 462 1653 omnibus
482 1592 528 1651 sio
542 1592 684 1652 Wolfium
703 1590 833 1670 Toyloro
848 1594 1084 1653 anteferendum.
1124 1592 1197 1653 Plus
1207 1593 1318 1654 laboris

213 1684 373 1745 exantlavit
396 1684 426 1744 in
450 1685 651 1746 Demosthene
671 1685 905 1765 interpretando,
928 1686 1033 1746 meiius
1054 1686 1230 1746 sententiam
1251 1691 1318 1762 ejus

212 1779 370 1857 perspexit,
385 1789 417 1839 et
437 1780 575 1850 reddidit,
594 1778 699 1839 melius
719 1778 811 1838 latine
823 1778 933 1849 calluit,
952 1780 1085 1859 pluribus
1104 1780 1179 1840 locis
1191 1779 1318 1844 medici·

211 1887 291 1943 nam,
306 1882 335 1931 et
353 1871 517 1943 feliciorem
529 1871 657 1951 quidem,
672 1871 781 1942 attulit,
797 1889 886 1948 quam
900 1872 1056 1951 TayImm,
1076 1876 1163 1948 cnjus
1173 1873 1314 1933 emenda·

212 1964 308 2026 tiones
318 1985 357 2025 ex
371 1964 435 2046 ipso
445 1976 524 2025 note
535 1964 684 2044 pleraeque
695 1973 746 2023 aut
758 1962 906 2035 levicula,
915 1975 968 2023 aut
975 1964 1133 2025 manifesto
1141 1964 1317 2038 fone-sunt,

211 2056 261 2117 vix
273 2070 334 2117 tres
348 2068 509 2139 quatuorve
527 2057 557 2115 in
576 2066 642 2116 toto
662 2055 780 2135 agmine
793 2055 942 2135 capitoleo,
959 2075 1083 2135 quarum
1103 2057 1131 2117 ei
1151 2076 1258 2135 magna
1272 2058 1318 2117 ait

209 2151 347 2210 habendo
359 2150 462 2229 gratia,
468 2148 574 2229 quibus
584 2148 767 2210 inveniendis
774 2168 835 2209 non
846 2148 926 2209 alind
934 2149 1135 2231 quodcunque
1145 2168 1201 2228 par
1209 2150 1319 2210 fnisset

209 2242 371 2321 ingenium.
411 2241 523 2323 Toylor
544 2243 569 2301 si
588 2242 757 2322 diligentiae
778 2242 935 2303 editionem
957 2243 1083 2303 Manutii
1103 2253 1156 2302 aut
1172 2242 1316 2304 Felieiaui

210 2335 394 2415 inspexisset,
413 2355 473 2396 non
492 2335 732 2417 reprehendisset
752 2334 841 2395 toties
860 2334 1001 2397 Wollium
1029 2336 1068 2397 ob
1089 2335 1252 2396 novitatem
1274 2336 1320 2396 le-

212 2427 326 2501 ctionis,
340 2429 423 2510 quasi
437 2429 524 2489 Wolf
530 2431 569 2489 de
583 2448 638 2488 suo
652 2427 796 2491 lectiones
807 2428 950 2509 quasdam
964 2438 1043 2489 esmt
1054 2439 1247 2501 commentm,
1260 2428 1318 2489 du·

195 2524 281 2583 ‘dum
296 2534 363 2584 onte
374 2522 538 2584 aMonntio
551 2524 694 2603 proditas.

252 2616 324 2676 Tria
343 2615 462 2676 omnino
482 2615 539 2676 vidi
560 2614 647 2694 hujus
668 2613 806 2675 editionis
826 2614 1003 2694 Tayloranm
1026 2614 1171 2695 exempla,
1190 2634 1315 2695 quorum

104 2780 105 2788 χ
211 2728 311 2780 unum,
322 2710 401 2788 quod
412 2720 458 2769 est
467 2728 561 2789 penes
572 2707 718 2769 Thoonem
728 2706 899 2780 Krebsium,
909 2706 947 2771 V.
962 2708 999 2768 C.
1020 2706 1182 2768 Rectorem
1194 2708 1315 2769 Schola)

211 2802 402 2863 Provincialis
423 2802 463 2861 ad
486 2802 659 2872 Grimmam‚
686 2800 939 2861 observationibus
958 2799 1105 2861 Flavianis
1125 2811 1157 2860 et
1177 2800 1315 2863 Decretis

135 2971 138 2979 .
211 2898 411 2957 Romanorum
423 2914 476 2973 pro
490 2894 605 2955 Judoeis
618 2892 813 2964 nobilitatum,
827 2895 950 2954 tenebat
966 2892 1086 2972 aliquid,
1101 2894 1182 2971 quod
1194 2894 1225 2954 in
1238 2896 1315 2956 duo-
1363 2910 1367 2915 ·

210 2992 267 3052 bus
281 2990 401 3069 reliquis
413 3007 473 3047 non
486 2987 678 3048 animadverti
690 3011 699 3058 ς
717 2988 834 3047 scilicet
843 2999 911 3065 post
919 2988 1008 3047 finem
1020 2984 1157 3049 orationis
1166 2988 1196 3047 in
1209 2988 1314 3069 Lepti-

210 3104 291 3153 nem,
307 3102 334 3161 p.
349 3088 399 3143 63.
415 3080 465 3139 ubi
478 3082 510 3139 in
523 3080 587 3139 eliis
600 3080 745 3160 exemplis
760 3078 882 3158 Taylori
896 3080 925 3137 in
941 3080 1023 3139 illam
1042 3084 1202 3144 orationem
1219 3100 1315 3141 anno·

211 3176 335 3237 tationes
348 3173 502 3252 incipiunt,
515 3172 695 3251 incipiebant
708 3170 820 3231 scholia
832 3190 932 3249 groeca
943 3172 974 3230 in
986 3173 1066 3233 illam
1081 3175 1314 3253 orationem,pro

210 3288 292 3329 more
306 3267 442 3327 editionis
457 3264 691 3325 Franciurtanae.
730 3262 852 3341 Pagina
870 3264 918 3322 hm
936 3264 1003 3324 dnos
1013 3272 1064 3328 68.
1075 3277 1107 3328 et
1118 3272 1170 3329 64.
1182 3266 1313 3345 impletas

212 3370 297 3422 erant
309 3359 365 3419 illis
379 3358 507 3429 scholiis,
529 3356 661 3429 minutis,
674 3374 734 3415 non
749 3366 848 3415 tamen
866 3355 1000 3429 minimis,
1021 3378 1118 3439 neque
1136 3358 1315 3420 defonnibus

209 3453 297 3535 typis.
339 3452 417 3511 Tum
432 3451 535 3511 charte
547 3447 702 3529 singularis
716 3459 783 3507 erat
795 3446 912 3526 adjecta
925 3466 993 3508 cum
1002 3450 1108 3511 iisdem
1119 3452 1246 3511 numeris
1258 3457 1311 3514 68.

211 3560 241 3607 et
255 3552 305 3609 64.
317 3557 421 3606 tenens
431 3544 544 3603 initium
556 3553 690 3602 notarum
700 3542 731 3599 in
742 3539 928 3620 Leptineam.
942 3542 1059 3603 videtur
1067 3543 1177 3624 Tsylor
1187 3544 1311 3624 primum

208 3642 333 3701 voluisse
352 3638 462 3698 scholia
480 3656 579 3716 greca
598 3634 707 3715 cuique
727 3634 851 3695 orationi
871 3635 1037 3712 subjicere3
1062 3637 1172 3698 deinde
1188 3631 1262 3698 vero'
1273 3638 1313 3697 ab

206 3736 259 3794 illo
271 3732 421 3813 proposito
435 3730 591 3803 destitisse,
605 3738 638 3789 et
651 3728 701 3787 illa
714 3727 825 3789 scholia
840 3728 974 3788 universa
987 3729 1089 3810 quinto
1101 3750 1163 3791 snae
1176 3730 1312 3791 editionis

209 3825 348 3886 volumini
359 3842 535 3885 reservasse.

249 3918 343 3978 Nefas
364 3916 402 3977 sit
416 3916 565 3995 specimen
579 3912 696 3974 silentio
708 3912 944 3993 pretermittere,
957 3932 1018 3993 quo
1030 3914 1144 3995 Taylor
1156 3915 1235 3975 hanc
1248 3916 1312 3974 edi·

208 4010 319 4072 tionem
339 4028 421 4069 snam
444 4006 635 4069 annuntiavit.
678 4005 782 4067 Oratio
802 4016 849 4065 est
868 4004 1022 4067 Demosth.
1042 4008 1073 4067 in
1094 4008 1221 4070 Midiam
1241 4028 1310 4070 cum

211 4104 340 4169 oratione
350 4102 479 4184 Lycurgi
494 4102 523 4161 in
536 4100 715 4161 Leocratem
729 4098 810 4159 edita
823 4096 950 4159 Londini
964 4102 1001 4163 Α.
1017 4104 1108 4167 1748.
