2984 4917
236 310 338 374 cxlviii
464 322 467 331 “
581 308 751 375 -REISKII
774 307 996 371 ruarmo

235 461 360 527 ltneille
372 464 603 545 {praelectiones
614 472 751 546 quonjam
763 466 794 527 in
802 477 883 529 terto
893 466 1043 547 leffrbtnr,
1052 462 1193 525 varim
1201 462 1340 527 lectioni·

237 573 393 640 suppressa
406 570 437 620 et
450 558 638 620 dissimulata.
680 560 797 621 Titulus
809 559 880 622 huic
890 558 1012 621 ediliuui
1024 557 1160 639 prelixus
1172 568 1219 620 est
1229 556 1280 619 b'ie

413 754 417 763 ·
512 740 651 805 meseum
661 742 863 807 multtum

432 743 651 859 Διειῖιυὴω
538 822 644 871 werra
621 807 833 863 ιῦῦποθίηιςιὶςτ
753 742 1047 867 armaque.

433 874 529 936 abcisp
530 872 689 931 mbbsvsssr'c
700 870 872 927 ιῦιῦιλιθᾶιωι·

362 950 365 961 ·
432 938 478 994 nice
488 894 629 1001 irpeaebbmr
640 937 701 988 md
711 938 856 1002 nobum!

431 1034 596 1087 Dsuuodbenir
607 1036 722 1087 undenos
733 1038 787 1085 du·
798 1040 822 1085 et
831 1037 960 1099 ιιιιῄιιιι.

433 1112 526 1163 ΙιΙΙιιιίἱ
536 1116 648 1177 ιιρΙιΙιιι
658 1115 683 1163 lu
694 1126 734 1163 ιιι
746 1114 813 1176 iptas
823 1114 941 1163 ιιιιιίιιιι
950 1118 1092 1175 suu-ou.

428 1191 486 1238 Vita
497 1190 663 1239 Demosthenis
671 1206 715 1253 par
726 1189 857 1240 libanium.

429 1267 543 1329 Ejusdem
553 1268 603 1317 rita
611 1282 655 1329 per
666 1264 829 1315 Plutarchum.

236 1406 272 1465 ln
286 1404 369 1465 culce
389 1402 467 1463 tituli
490 1414 534 1464 est
553 1404 669 1484 signum
683 1402 766 1477 Aldi,
784 1404 922 1465 anchorae
944 1405 1108 1485 implicetur
1124 1404 1258 1485 delphin.
1299 1408 1338 1467 lu

236 1516 339 1557 aversa
351 1496 448 1555 atatim
461 1496 556 1576 prima
569 1496 676 1577 pagina
694 1496 805 1557 orditur
818 1496 951 1577 praefatio
966 1496 1034 1557 Aldi
1054 1498 1099 1557 his
1112 1498 1209 1559 uerbis
1225 1516 1337 1559 sunus

236 1608 312 1649 ιιιιι
327 1606 505 1649 manemus
527 1607 691 1651 ιιοιιιιιυι
707 1606 852 1649 namur
867 1607 995 1649 cauam
1011 1608 1184 1649 renuamus
1198 1591 1229 1653 S.
1245 1591 1281 1653 P.
1296 1592 1337 1651 D.

235 1681 315 1740 uude
326 1683 410 1759 juvat
422 1681 488 1743 hoec
497 1700 667 1761 excerpere,
682 1680 838 1759 (integram
849 1681 926 1741 enim
936 1681 967 1739 in
975 1682 1073 1760 operis
1082 1684 1173 1742 nostri
1186 1684 1268 1743 calce
1283 1685 1338 1745 du·

235 1772 342 1849 bimus)
358 1772 436 1833 unde
457 1772 606 1844 nonnulla,
620 1790 798 1851 quamquam
819 1770 955 1845 obscure,
973 1772 1173 1851 intelligentur
1191 1776 1231 1835 ad
1251 1774 1338 1852 hujus

237 1865 372 1926 editionis
382 1865 536 1925 historiam
541 1863 728 1943 pertinentia.
757 1862 869 1923 Nescio
879 1863 957 1923 enirn
970 1884 1038 1944 qum
1050 1867 1139 1936 fuerit
1145 1866 1227 1926 istius
1240 1870 1338 1930 oetads

173 1994 176 2001 .
234 1958 313 2017 mula
323 1957 515 2028 consuetudo,
530 1974 603 2027 rem,
618 1955 656 2015 de
665 1974 723 2034 qua
736 1974 887 2034 exponere
896 1957 1017 2027 vellent,
1029 1958 1220 2018 adumbraudi
1230 1961 1336 2038 magis,
1407 1946 1415 1957 ’

235 2068 323 2132 quam
337 2050 502 2111 enarrandi.
542 2044 642 2108 Varb'e
661 2048 761 2127 itiaque
775 2047 857 2121 A'ldi,
871 2050 939 2129 quie
950 2049 1027 2111 tradi
1040 2050 1179 2111 hocloco
1192 2062 1225 2110 et
1236 2053 1336 2132 accipi

234 2144 333 2215 refert,
355 2146 433 2223 (uam
454 2140 595 2222 pleraque
615 2140 797 2221 prelationis
814 2141 845 2200 in
858 2141 918 2201 vitu
928 2140 1113 2223 fortunisque
1126 2143 1337 2208 Demosthenis

235 2236 416 2317 exponendis
429 2254 496 2295 eum
505 2244 666 2306 versentur,
679 2234 737 2295 huo
747 2234 790 2293 nil
803 2233 926 2312 faciunt)
939 2234 1008 2296 bec
1020 2246 1098 2295 sunt.
1336 2266 1340 2274 1

276 2328 395 2388 Abhinc
412 2322 477 2389 'fere
502 2328 627 2389 triennio
655 2327 845 2409 desyderanti
871 2328 925 2387 tibi
948 2328 1096 2389 orationes
1116 2328 1336 2407 Demoatbenb,

233 2420 316 2483 brevi
326 2440 374 2481 me
387 2420 556 2482 informatas
569 2440 637 2481 mes
649 2438 721 2481 cura
731 2420 948 2501 publicaturum
961 2420 1079 2500 recepi;
1099 2422 1153 2481 sed
1165 2423 1255 2483 totid
1268 2434 1335 2485 ten·

233 2514 306 2575 tanti
326 2514 395 2573 mibi
416 2514 585 2575 aeciderunt
603 2514 823 2593 impedimenta,
836 2524 871 2573 ut
883 2532 1016 2594 persaepe
1030 2513 1141 2573 excudi
1153 2526 1269 2594 emptas
1289 2518 1335 2576 ius

233 2606 416 2681 termiserim,
431 2606 661 2668 Carteromacho
684 2607 773 2667 etiam
789 2616 891 2667 uoatro
912 2606 1076 2667 dominante
1095 2642 1136 2657 -
1155 2626 1225 2667 cum
1244 2608 1336 2669 etiam

232 2700 388 2761 admodum
402 2717 489 2781 quam
503 2715 599 2780 panon
617 2718 718 2761 carum
739 2699 903 2759 orationum
923 2700 1064 2780 exempla
1083 2700 1261 2761 excudenda
1282 2720 1336 2763 cue

232 2792 368 2866 reveritur,
381 2792 468 2873 idque
483 2804 616 2867 coactus,
638 2793 750 2874 quod
741 2809 772 2852 m
792 2790 874 2853 nulio
894 2805 963 2853 ante
987 2793 1096 2855 eccidit
1116 2792 1263 2855 volumine
1282 2814 1337 2855 exe

232 2904 305 2947 cuao
318 2886 348 2945 iu
360 2886 479 2947 thermis
493 2888 608 2947 nostrie.
648 2890 783 2954 Quorum
802 2886 932 2947 omnium
954 2887 1024 2946 mibi
1042 2886 1127 2947 testis
1145 2898 1192 2947 est
1206 2888 1336 2967 optilam

232 2975 371 3058 Angelus
385 2962 567 3051 Chabrielus,
590 2978 729 3059 patricius
743 2976 887 3039 Venetus.
907 3008 947 3025 -·
966 2979 1077 3039 Nescio
1093 2980 1242 3059 quomodo
1258 2980 1336 3042 liber

230 3068 279 3130 hic
294 3070 434 3142 omnium,
446 3090 519 3151 quos
532 3070 740 3150 imprimendos
748 3070 796 3128 vel
809 3068 900 3127 latine
912 3070 960 3130 rel
973 3089 1072 3149 greeae
1085 3072 1259 3145 curarimus,
1270 3074 1336 3135 exit

230 3162 262 3220 in
280 3161 428 3242 publicum
449 3180 486 3219 ex
503 3160 616 3218 milibus
629 3160 745 3219 uostris.
766 3192 808 3209 -
828 3160 983 3220 Rumus'
961 3180 986 3220 ιι
1007 3162 1209 3241 pulcherrimis
1228 3166 1335 3227 chara·

232 3254 362 3315 uteribus
383 3262 414 3312 et
426 3270 566 3332 perquam
581 3251 698 3311 decenti
711 3252 808 3312 forma
819 3251 991 3333 habituque,
1005 3274 1063 3315 nee
1076 3274 1135 3315 uon
1148 3257 1335 3337 morigerini.

231 3366 296 3408 mus
311 3346 373 3409 exit
383 3346 413 3405 in
427 3362 529 3407 manua
549 3344 709 3405 homiuum.
730 3376 772 3391 -
792 3344 857 3405 llas
871 3364 942 3407 vero
957 3348 1163 3409 Demosthenis
1185 3352 1334 3413 oratioue·

232 3440 313 3501 Clari
334 3438 501 3500 doctissime
518 3437 630 3498 nomini
650 3448 702 3498 tuo
726 3448 907 3518 nuncupetur
939 3458 979 3500 ex
1001 3440 1203 3502 Neacademia
1232 3456 1335 3507 nostra

231 3532 392 3594 emittimus
404 3534 442 3592 ob
457 3533 561 3592 multae
572 3548 684 3591 οιιιιιι.
697 3562 737 3577 -
752 3531 800 3591 Tu
810 3531 880 3611 quia
892 3531 923 3590 in
936 3532 1048 3613 inclyta
1058 3533 1115 3594 istu
1129 3536 1202 3595 urbe
1215 3536 1335 3598 duum

229 3629 357 3688 eborum
377 3624 517 3685 nobilium
531 3624 691 3705 Epidauro,
706 3624 754 3684 mi
769 3641 849 3685 nunc
863 3620 1010 3686 libamem
1028 3635 1074 3685 est
1084 3645 1204 3700 nomeu,
1222 3642 1254 3688 et
1265 3630 1335 3689 lati·

231 3742 284 3783 nas
299 3732 331 3781 et
343 3736 456 3800 grecm
476 3716 746 3798 temptantem,
766 3718 947 3798 instituisque
964 3720 1150 3797 juventutem
1169 3721 1257 3779 istum
1270 3723 1333 3782 elo·

231 3814 361 3897 quentiae
382 3811 539 3873 studiosam
560 3822 624 3872 arte
637 3810 764 3872 dicendi.
784 3844 827 3857 -
847 3812 926 3871 lloee
938 3808 1032 3870 risum
1051 3811 1107 3871 fuit
1127 3830 1165 3871 ex
1184 3814 1242 3872 ista
1263 3813 1333 3873 didi

228 3906 400 3989 proefatione
422 3913 562 3983 excerpto
582 3903 635 3965 hic
652 3922 819 3985 proponere
842 3922 859 3963 e
879 3916 941 3963 tam
953 3902 1053 3963 multis
1065 3902 1139 3974 uilis,
1153 3924 1219 3983 quac
1234 3906 1334 3967 Aldus

228 4000 269 4059 lbi
283 3998 413 4077 disputat
426 4014 444 4056 a
456 3994 606 4076 proposito
619 4007 719 4057 nostro
740 4014 858 4076 prorsus
879 3994 984 4055 ebena.
996 3994 1103 4073 quibus
1116 4014 1171 4055 nos
1184 3995 1273 4055 hodie
1284 3997 1332 4057 fs.

229 4092 286 4154 bile
300 4108 458 4160 caueamur,
471 4106 509 4150 eu
527 4100 590 4149 tum
601 4090 741 4169 temporis
755 4108 815 4150 non
834 4087 898 4149 sine
911 4087 1013 4149 fructu
1025 4088 1210 4161 dicebantur,
1233 4109 1332 4171 noqrm

229 4195 313 4247 erant
326 4204 386 4243 nou
399 4182 576 4243 necessaria.
618 4182 679 4243 Sed
692 4202 732 4243 est
745 4182 811 4254 illis,
826 4200 894 4263 quc
906 4181 1005 4254 retuli,
1018 4192 1237 4261 cognoscantur
1253 4183 1331 4255 brec,

230 4276 459 4354 Primum,illum
473 4274 628 4336 Danielem
643 4274 781 4346 Clarium,
794 4276 842 4335 cui
854 4284 1040 4355 nuncupatur
1053 4286 1099 4335 cat
1113 4274 1331 4338 Demombenes

230 4373 367 4443 Aldinae,
377 4369 469 4430 fuisse
480 4369 595 4429 Parmae
612 4377 722 4439 natum,
735 4366 797 4427 ludi
811 4366 938 4437 literarii,
951 4365 1148 4447 quiliagusm
1161 4378 1225 4427 tum
1237 4379 1330 4441 earet,

227 4467 406 4547 magistrum.
448 4462 528 4525 Huic
549 4461 645 4523 eidem
660 4460 776 4520 Danieli
797 4459 895 4551 Clario
910 4460 1007 4519 Aldus
1025 4460 1173 4540 inreripsit
1195 4480 1216 4520 a
1238 4479 1271 4521 re
1285 4462 1330 4523 A.
