2984 4917
378 811 382 818 ’
493 768 955 947 ‘stoicum

737 1070 775 1106 AB

295 1216 598 1288 -DRATIONEM
634 1210 964 1285 PHILIPPIGAM
1002 1206 1202 1277 PRIMAM

211 1608 286 1668 Hoc
311 1616 455 1689 tempore,
475 1632 547 1691 quo,
572 1624 607 1674 ut
627 1614 768 1675 hibunius
794 1611 885 1673 modo
908 1610 994 1689 dixit,
1015 1607 1173 1687 Philippus
1193 1605 1305 1667 Thebis

208 1702 422 1763 cousuetudine
435 1714 466 1763 et
478 1705 614 1765 doctrine
628 1704 841 1793 Epaminondae
854 1703 1036 1785 aliorumque
1050 1700 1225 1760 Graecorum
1239 1706 1305 1757 ute-

211 1792 324 1864 batur*
347 1796 482 1857 videntur
505 1799 627 1859 consilia
647 1798 685 1859 de
707 1796 836 1858 Graeciae
857 1795 994 1855 libertate
1018 1791 1180 1871 aliquando
1203 1790 1305 1869 oppri-

209 1884 317 1946 mendo
329 1889 456 1950 oninium
469 1890 547 1968 ejus,
561 1890 680 1951 honoris
693 1888 1008 1970 'cupidiuelerventem
1022 1894 1052 1947 et
1066 1884 1227 1945 calliditate
1241 1884 1305 1963 ple·

210 1996 291 2050 num,
307 1980 442 2061 subiisse,
455 1982 496 2043 its
517 1993 550 2045 ut
571 1982 685 2055 Graeci,
700 1982 753 2060 qui
775 1983 866 2060 ipsam
888 1981 932 2041 sui
955 1978 1114 2059 perniciem
1129 1976 1213 2057 qussi
1231 1976 1308 2036 iutro

209 2071 317 2131 moenis
330 2074 454 2153 olerent,
468 2078 576 2135 astutis
592 2078 705 2156 puriter
724 2094 761 2134 no
783 2074 956 2135 fortitudine
970 2072 1079 2133 devicti
1099 2072 1160 2131 dici
1183 2070 1305 2150 possint.

210 2162 280 2221 vid.
297 2183 364 2241 quse
379 2166 533 2227 Demosth.
549 2168 587 2227 de
601 2168 730 2247 Philipp.
744 2167 818 2229 dicit
831 2166 860 2226 in
876 2168 930 2227 Or.
944 2164 1069 2245 Olynth.
1086 2164 1110 2223 Ι.
1125 2163 1211 2243 (ΙΙΙ.)
1229 2170 1253 2237 ς.
1268 2164 1305 2239 γ’.

210 2253 265 2313 llle
286 2254 363 2330 euim
378 2257 429 2344 ubi
444 2260 606 2331 audiverat,
622 2279 668 2321 res
682 2261 793 2340 patrius
807 2260 932 2330 misceri,
947 2256 1083 2318 Paeonios
1097 2266 1129 2316 et
1142 2256 1257 2334 Illyrios
1277 2255 1306 2315 in

211 2346 285 2418 fines
300 2351 487 2435 Mecedoniee
500 2348 638 2435 irrupisse
652 2354 777 2434 eamque
789 2350 926 2432 diripere,
935 2342 1046 2411 Thebis
1057 2370 1147 2429 quem
1156 2351 1307 2411 celerrime

146 2488 150 2499 .
211 2441 333 2512 relictis,
346 2444 472 2521 putrium
487 2448 570 2526 petiit
582 2456 612 2508 et
626 2447 747 2508 tutelam
763 2447 915 2524 Amyntae,
929 2443 1026 2505 fratris
1040 2442 1104 2515 tilii,
1119 2444 1148 2502 iu
1164 2462 1195 2503 se
1208 2463 1307 2503 susce·

211 2535 266 2613 pit,
276 2536 448 2614 usquedum
459 2539 514 2618 ipsi
527 2558 641 2600 summe
651 2558 747 2599 rerum
759 2535 994 2596 demandaretur.
1016 2534 1142 2594 Diodor.
1153 2534 1213 2594 Sic.
1223 2532 1307 2594 xvi.

212 2634 241 2701 1,
257 2634 287 2687 2.
308 2630 415 2689 lustin.
429 2630 499 2693 Vll.
514 2638 543 2694 ὁ.
569 2636 719 2713 Argeum,
735 2650 824 2710 quem
839 2628 1033 2689 Athenienses
1048 2627 1185 2687 volebunt
1199 2626 1307 2705 priuci-

212 2730 314 2798 petum
334 2722 522 2784 Macedonio
535 2724 681 2803 obtinere,
695 2744 754 2784 uns
768 2742 834 2783 cum
848 2721 963 2781 auxiliis
976 2718 1201 2781 Atheniensium
1222 2718 1315 2779 fucile'

213 2812 370 2894 Phiiippus
385 2816 505 2896 devicit,
519 2818 652 2895 captivos
669 2816 786 2876 illorum
808 2814 895 2875 lautis
916 2812 1034 2893 excepit
1055 2810 1158 2891 epulis,
1180 2830 1309 2891 quosque

213 2903 382 2977 emiserunt,
405 2908 545 2968 reddidit.
575 2909 732 2969 Demosth.
754 2908 785 2967 iu
806 2906 953 2971 Aristocr.
976 2924 1006 2983 p.
1027 2910 1098 2975 666,
1124 2908 1174 2961 16.
1201 2902 1250 2963 ed.
1271 2904 1309 2963 R.

214 2998 282 3067 Qus
296 2999 422 3079 quidem
436 3022 467 3061 re
484 3012 518 3061 ut
531 3001 756 3061 Atheniensium
777 2999 890 3060 animos
912 2997 1063 3069 delenivit,
1078 3015 1163 3074 paene
1184 3004 1218 3055 ut
1237 2996 1310 3057 nihil
1351 3000 1357 3007 '

165 3084 168 3087 ⁴
214 3091 333 3153 iuvidiae
346 3102 425 3162 esset
438 3094 586 3173 relietum,
599 3094 641 3154 ite
653 3093 818 3173 Olynthiis,
827 3091 1000 3170 Amphipoli
1010 3090 1128 3151 demum
1143 3099 1311 3168 expugnate

214 3184 363 3262 (AEschin.
378 3210 408 3243 π.
422 3208 453 3245 r.
469 3191 494 3257 §.
508 3185 552 3245 vd.
580 3186 735 3246 Demosth.
760 3188 790 3245 in
811 3184 956 3245 Aristocr.
985 3203 1014 3261 p.
1036 3188 1107 3255 sos,
1128 3186 1157 3243 8.
1179 3182 1227 3241 erl.
1250 3182 1309 3259 lh),

213 3275 371 3354 plurimum
394 3276 496 3353 injecit
516 3276 645 3337 terroris.
686 3277 755 3337 Hoc
778 3276 858 3337 lucto
878 3276 1014 3355 Olynthii
1035 3276 1150 3353 legatos
1171 3273 1311 3336 miserunt

214 3367 357 3439 Athenss,
382 3368 433 3447 qui
459 3370 498 3428 de
525 3368 638 3429 indere
666 3369 798 3429 ineundo
823 3377 965 3448 egerente
996 3377 1194 3427 verumtamen
1218 3386 1309 3447 quum

215 3460 410 3521 Athenienses
433 3460 564 3540 Philippi
589 3459 850 3540 pollicitationibus
875 3462 913 3521 de
934 3458 1105 3545 Amphipoli
1128 3456 1311 3521 restituenda

214 3552 280 3613 freti
294 3555 456 3631 permoveri
470 3574 529 3615 non
543 3563 675 3634 possent,
687 3554 746 3627 isti,
757 3573 788 3615 re
803 3553 924 3627 infectu,
938 3554 966 3613 in
981 3552 1107 3632 putrium
1119 3551 1242 3613 rediere.
1255 3552 1310 3613 cfr.

214 3646 272 3706 Or.
286 3644 411 3725 Olynth.
427 3648 467 3710 ll.
481 3648 530 3724 (Ι.)
545 3654 568 3723 t.
585 3648 624 3725 γ’.
665 3646 825 3727 Olynthios
840 3666 909 3707 vero
931 3646 987 3706 sibi
1009 3644 1189 3717 coucilinvit,
1203 3644 1310 3707 nediu

215 3738 362 3810 Potidaeu,
378 3759 447 3817 qun
468 3740 694 3801 Atheniensium
716 3739 821 3801 lueret.
842 3740 902 3799 vid.
917 3740 938 3798 l.
953 3740 973 3798 l.
995 3749 1026 3799 et
1046 3739 1101 3813 Or.
1116 3740 1145 3798 in
1165 3738 1310 3800 Aristocr.

214 3851 245 3910 p.
259 3836 332 3902 666,
347 3838 376 3890 9.
391 3831 439 3889 ed.
454 3832 491 3890 ll.
535 3834 642 3911 Neque
654 3835 742 3895 etism
754 3852 857 3911 perum
870 3830 942 3892 lecit
955 3832 993 3891 nd
1007 3832 1169 3909 potentium
1181 3831 1312 3911 Philippi

128 4003 136 4014 .
215 3924 392 4002 sugendum,
405 3925 488 4001 quod
506 3925 665 3986 Thessalos
682 3925 738 3986 sibi
758 3924 937 3986 devinciret:
959 3924 1116 3985 Demosth.
1130 3923 1254 4005 Olynth.
1269 3924 1311 3985 ll.

214 4018 267 4094 (l.)
280 4020 305 4089 t.
318 4017 366 4077 s'.:
380 4036 481 4076 eorum
496 4026 594 4096 portes
609 4018 639 4079 in
655 4018 733 4077 bello
746 4018 893 4078 Phocensi
907 4017 1011 4077 sumsit
1025 4018 1124 4093 (Dem.
1136 4015 1259 4097 Olynth.
1269 4018 1311 4078 ΙΙ.

216 4109 270 4189 (Ι.)
281 4110 305 4181 ξ.
320 4104 373 4184 β.)
389 4108 440 4181 itu,
455 4118 487 4167 ut
502 4108 632 4187 ipsorum
647 4109 841 4189 vectigalibus
857 4109 1010 4189 potiretur.
1041 4110 1129 4169 Dem.
1141 4129 1184 4169 or.
1199 4108 1230 4169 d.
1244 4128 1311 4189 pse.

214 4207 239 4276 ς.
252 4203 276 4260 t.
296 4199 420 4279 Olyutb.
436 4200 478 4259 ll.
491 4200 543 4278 (Ι.)
557 4203 584 4274 ξ.
597 4201 630 4261 δ’.
670 4202 737 4261 lem
752 4200 831 4261 bello
848 4200 993 4261 Phoceusi
1012 4220 1105 4281 quum
1123 4201 1311 4263 Macedonio

247 4352 263 4385 ⁸
280 4352 1312 4421 mruuspprsiunsvossmssruupprus010‚vrnm.nan.3·nsu

214 4427 348 4479 flnstsrlr.
361 4439 385 4478 st
398 4430 512 4479 anohsn.
524 4430 579 4479 0rr.
590 4448 614 4494 p.
625 4428 674 4479 225
685 4443 739 4493 sqq·
762 4428 880 4477 Pruslsrs
892 4428 1012 4491 descripte
1021 4434 1058 4477 est
1068 4427 1091 4476 in
1103 4428 1133 4476 P.
1144 4430 1168 4478 l.
1179 4431 1206 4481 8.
1217 4428 1312 4493 Vosssl's

215 4504 389 4569 Biogrsplsieeu
400 4522 495 4571 gessur
502 4508 549 4557 und
559 4503 694 4557 bsriilrnter
701 4506 799 4557 nouo
809 4506 853 4557 des
864 4506 1016 4559 Altsrtbuns.
1031 4504 1099 4557 loos
1110 4506 1144 4555 ll.
