2984 4917
232 324 313 393 ciiit
574 322 738 389 liniam
761 322 990 389 nantario

228 480 281 559 llo,
303 478 464 557 Brucirero,
480 472 656 565 'Lettingim
676 484 904 556 bartholomeo,
918 480 988 543 VV.
1002 477 1068 542 00.
1085 474 1261 556 cancillavit,
1282 480 1334 563 qun

227 593 283 639 sus
296 583 438 657 cujusque
451 577 529 637 bona
541 577 582 638 ita
600 577 738 658 benigne,
753 594 841 659 pssne
860 574 993 647 dixerim,
1008 572 1077 633 mihi
1089 573 1284 654 ingesserunt,
1297 584 1333 636 ut

227 670 351 733 oscetin
364 669 398 729 iis
411 668 484 729 recti
498 676 530 729 et
543 670 686 750 eleganc‘s
697 670 741 729 vir
747 668 861 746 judicii,
873 665 1026 739 Oeil‘elius,
1040 664 1091 746 qni
1104 667 1268 745 rogandum
1282 682 1332 729 me

227 762 325 843 potius
337 754 484 843 censeret,
497 762 557 823 suis
570 773 604 823 ut
616 763 722 823 uellem
736 762 821 823 bonis
832 761 884 835 uti,
895 770 983 840 quarn
995 778 1039 830 se,
1053 770 1087 819 ut
1100 775 1202 821 corum
1216 760 1333 841 copiast

227 856 357 927 iacerem
384 858 538 935 majusque
555 872 588 917 ae
608 856 740 929 dantem,
752 871 842 935 quam
862 873 911 913 me
930 852 1134 933 accipientem,
1155 849 1332 913 beneficium

229 947 344 1007 amane
357 946 523 1007 mrumst.
565 949 641 1014 Qum
653 964 830 1028 quamquam
847 944 1032 1017 tardioribus,
1046 956 1098 1005 aut
1110 944 1233 1024 quaestui
1247 944 1333 1005 deull-

184 1090 190 1102 .
225 1038 277 1110 tis,
302 1038 458 1099 habebitur
479 1038 666 1100 humanitatis
689 1038 826 1119 quiedam
848 1036 1081 1118 intemperantia,
1100 1037 1332 1117 perspicaciore

225 1140 325 1191 tamen
339 1142 370 1192 et
389 1131 569 1192 liberaliores
590 1132 821 1192 consentientem
838 1146 904 1190 earn
916 1130 1031 1190 veritati
1050 1129 1202 1191 invenient
1220 1130 1329 1191 oratio·

224 1242 308 1283 nem.
350 1224 451 1303 Hujus
462 1222 525 1295 riri,
544 1226 627 1303 cujus
646 1224 676 1283 in
693 1222 795 1284 laudes
814 1222 901 1303 gestit
913 1222 1027 1284 animus
1039 1237 1210 1295 extumere,
1227 1222 1269 1283 ita
1281 1226 1331 1284 me

227 1333 326 1377 mores
340 1316 405 1393 ejus
418 1316 512 1395 politi,
525 1315 568 1376 ita
582 1316 695 1377 candor
708 1315 806 1387 animi,
821 1312 863 1375 ita
875 1313 982 1374 litterae
994 1314 1331 1387 tamremutham

226 1408 384 1488 exquisite,
402 1428 462 1487 qua
479 1426 547 1469 suas
566 1408 606 1469 ad
625 1426 675 1469 rue
690 1406 803 1469 litteras
823 1405 934 1480 condit,
953 1424 1080 1487 cepere;
1102 1404 1158 1467 seri
1169 1406 1253 1467 loona
1269 1420 1332 1465 non

227 1502 357 1583 pectunt
382 1501 468 1578 hujus
481 1502 570 1581 igitur
582 1502 773 1563 subtilitatem
787 1511 877 1581 atque
890 1500 1065 1580 elegantiam
1075 1500 1179 1578 judicii
1193 1500 1248 1560 nbi
1260 1512 1330 1580 pro·

227 1605 319 1676 ponat
332 1593 511 1667 imitandam,
525 1594 548 1655 si
563 1595 626 1675 quis
639 1594 793 1673 intelliget,
807 1596 838 1652 in
852 1612 913 1674 quo
926 1609 988 1665 sua,
1000 1593 1032 1653 in
1044 1612 1105 1673 quo
1116 1593 1236 1674 publica
1247 1592 1329 1654 lim&

223 1702 321 1748 rarum
340 1704 389 1747 res
409 1696 524 1767 agatur.
565 1686 629 1747 Nos
651 1686 798 1768 prolecto,
819 1696 965 1765 quotquot
984 1704 1085 1746 sumus
1098 1686 1188 1765 vulgo
1208 1684 1329 1757 derisni,

225 1782 358 1841 homines
372 1780 447 1852 nari,
460 1782 656 1852 bonorumet
668 1780 810 1851 mollitiei,
825 1780 965 1851 aliuxae,
980 1788 1012 1840 et
1025 1780 1196 1859 splendoris,
1209 1786 1242 1840 et
1254 1779 1329 1839 ‹iiti-

224 1874 333 1935 tiarum
357 1882 565 1944 contemtores,
586 1882 705 1933 aetatem
729 1870 834 1931 macris
856 1872 887 1930 in
912 1871 1049 1931 litterulis
1074 1880 1206 1950 agentes,
1231 1870 1328 1952 iisqne

225 1967 328 2039 otium,
349 1966 489 2039 fortunas,
510 1966 617 2025 bonam
636 1965 847 2043 ommudinem,
868 1962 998 2043 spiritum
1018 1964 1113 2044 ipsum
1136 1964 1327 2037 insumentca,

222 2058 302 2118 uitro
315 2057 404 2118 etiam
414 2076 529 2119 eramus
540 2056 690 2129 invitandi,
704 2068 804 2135 atque,
818 2056 878 2117 suis
890 2065 925 2115 at
935 2056 1021 2116 bonis
1034 2067 1192 2128 uteremur,
1202 2056 1326 2135 roganti

225 2152 264 2209 eb
285 2148 341 2220 hia,
362 2148 386 2207 si
403 2148 453 2227 qui
473 2148 517 2221 iis,
540 2156 591 2208 eut
604 2167 632 2210 a·
642 2148 762 2208 fortuna
780 2147 896 2219 oblatis,
911 2158 962 2208 aut
973 2146 1075 2207 labore
1088 2149 1186 2227 partis,
1200 2148 1260 2208 sire
1272 2164 1328 2228 per

105 2280 117 2293 ·
222 2242 354 2321 negotia,
370 2242 432 2300 sire
446 2258 628 2321 quacumque
641 2240 698 2302 alia
711 2242 750 2301 sie
763 2260 863 2312 causa,
878 2240 933 2320 ipsi
951 2239 995 2298 uti
1013 2250 1171 2320 nequeant.
1212 2240 1325 2301 Nescio

224 2337 303 2397 enim
323 2354 361 2396 an
374 2336 535 2415 possessori
548 2337 691 2396 bonorum
705 2335 894 2415 singularium
908 2344 940 2394 et
950 2333 1069 2393 intentu
1084 2351 1214 2393 rarorum
1231 2338 1325 2409 majus

223 2429 312 2490 ctiam
327 2428 418 2489 decus
431 2428 592 2508 publicatio
605 2448 707 2489 eorum
721 2428 833 2499 afferat,
846 2444 934 2507 quam
948 2427 1073 2486 obscuro
1085 2436 1117 2486 et
1133 2426 1325 2498 inimatum,

222 2522 305 2602 quasi
318 2522 348 2580 in
362 2536 483 2581 careere
501 2521 628 2601 quodam
641 2520 828 2601 mancipatio,
843 2516 946 2579 minuti
966 2517 1049 2578 testis
1062 2518 1160 2588 animi,
1174 2528 1227 2578 aut
1239 2519 1323 2598 empi-

222 2614 322 2675 ‹iitatis
348 2614 427 2674 bona
450 2632 503 2673 sua
528 2613 737 2693 prostituentis.
778 2611 860 2679 Quid
886 2611 964 2671 enim
991 2612 1072 2672 allud
1098 2611 1322 2683 bibliothecari,

221 2708 406 2768 membranas
418 2723 486 2767 suas
497 2707 616 2766 venales
630 2706 781 2778 habentes,
794 2720 882 2784 qnam
904 2704 1036 2777 lenones,
1050 2698 1163 2786 puellas
1176 2722 1245 2765 suas
1255 2704 1322 2784 plot

222 2800 323 2861 licenti
338 2799 514 2870 vendentes,
525 2809 556 2859 et
568 2808 713 2877 questum
727 2818 766 2859 ex
778 2798 813 2858 iis
823 2797 992 2859 facientes?
1014 2799 1124 2860 lieatos
1134 2798 1232 2877 itaqua
1245 2798 1321 2872 illoc,

163 2908 169 2917 ·
220 2892 271 2972 qui
293 2912 312 2953 a
332 2902 373 2966 te,
396 2890 528 2963 haireni,
543 2909 563 2951 a
576 2890 716 2971 genisque
736 2891 794 2951 tuis
814 2891 936 2971 propius
957 2892 1076 2965 abrumt,
1097 2891 1204 2971 qarbos
1222 2890 1253 2950 in
1272 2890 1320 2963 ils,

220 2986 250 3044 in
261 2997 370 3065 tuaque
380 2982 560 3043 humanitate
574 2992 605 3042 et
617 2983 850 3043 communicandi
863 2982 1005 3044 facilitate
1017 2994 1150 3063 paratum
1162 2994 1209 3043 est
1221 2982 1321 3065 prasi·

218 3080 318 3139 dium!
341 3078 451 3135 Beatos
463 3086 606 3155 posteros,
622 3074 727 3155 quibus
740 3075 789 3135 bie
802 3074 868 3135 iona
881 3094 900 3135 n
914 3087 946 3135 m
957 3086 1076 3156 apertus
1088 3076 1229 3137 manabit!
1243 3075 1321 3136 Bet·

219 3183 282 3231 tum
300 3190 348 3230 me
368 3188 497 3249 quoque,
517 3169 564 3228 cui
585 3179 618 3227 tu
636 3167 696 3228 boc
716 3168 859 3240 tribueris,
880 3178 915 3227 ut
933 3169 1092 3230 ministerio
1111 3187 1179 3229 meo
1199 3167 1322 3250 Tayioti

219 3262 355 3334 echeriae,
368 3261 421 3320 riri
437 3260 476 3321 de
496 3260 697 3321 Demosthene
711 3261 884 3341 caterisque
902 3262 1064 3322 oratoribus
1083 3263 1181 3323 atticis
1201 3263 1321 3342 egregit

219 3356 326 3425 meriti,
342 3353 405 3414 orbi
418 3352 544 3415 litterato
557 3353 648 3415 velles
661 3353 820 3433 impertire.
862 3352 974 3413 Summi
994 3372 1074 3415 ama
1087 3355 1258 3435 Taylornm,
1272 3354 1319 3416 sic

219 3448 365 3519 meritum,
377 3446 451 3518 lieri,
466 3466 534 3507 curn
550 3446 598 3506 hic
611 3456 702 3507 testor
713 3446 794 3506 bona
805 3446 876 3517 iide,
888 3456 951 3506 tnm
964 3448 994 3506 in
1006 3448 1188 3528 prefatione,
1203 3458 1236 3508 et
1248 3448 1319 3509 affl

218 3559 297 3621 seps
311 3551 436 3601 testatus
450 3558 524 3601 sum.
565 3540 601 3598 in
621 3542 703 3601 locos
718 3550 818 3599 sutem
836 3540 970 3618 ejusdem
990 3540 1168 3620 precationis
1184 3557 1252 3601 cum
1273 3541 1318 3601 in*

217 3636 310 3707 eides,
331 3634 371 3693 mi
396 3632 526 3705 Askerri,
546 3652 608 3705 eos,
633 3634 684 3693 ubi
706 3634 745 3693 de
767 3632 888 3714 Taylori
905 3644 997 3713 atque
1013 3632 1190 3705 Marklandi,
1210 3632 1317 3694 cirion

216 3742 344 3801 tuorum,
356 3728 395 3789 de
409 3728 610 3788 Demosthene
624 3726 743 3799 meritis,
754 3726 857 3800 libera,
870 3742 1025 3806 prostrat
1037 3741 1114 3798 meo,
1123 3726 1317 3801 judicantium

215 3822 287 3883 milri
302 3840 367 3882 esse
381 3820 463 3891 duxi,
478 3830 537 3881 tam
557 3820 634 3882 bene
653 3820 691 3881 de
709 3830 771 3893 tna,
790 3818 951 3901 populique
965 3818 1009 3877 tui
1028 3818 1163 3892 universi,
1176 3818 1317 3899 equitate

214 3936 310 3997 spero,
322 3927 355 3974 ut
369 3912 523 3987 confidam,
534 3914 678 3994 ejusmodi
691 3913 774 3974 iocos
782 3910 936 3973 offensioni
948 3911 1030 3973 vobis
1039 3930 1098 3971 non
1111 3928 1177 3973 esta
1188 3910 1315 3984 iatum

213 4009 415 4091 reputantibus
429 4009 488 4069 hoc
501 4008 633 4088 primum,
648 4006 782 4067 humanis
790 4006 821 4066 in
834 4006 923 4066 robus
935 4004 1070 4066 omm'hus
1081 4004 1153 4064 unii
1166 4020 1233 4064 esse
1245 4020 1316 4083 per·

213 4102 323 4163 lectum
337 4100 525 4180 numerisque
539 4099 672 4160 omnibus
684 4099 869 4170 amoturum,
889 4095 1006 4170 deinde,
1019 4098 1161 4179 privatum
1174 4096 1234 4156 hoc
1247 4111 1315 4157 esse

213 4214 312 4257 meum
327 4195 365 4256 de
379 4194 483 4254 reatris
497 4193 607 4253 civibus
616 4192 770 4269 judicium,
784 4192 865 4273 quoii
881 4188 990 4252 nemim
1001 4208 1056 4271 pro
1070 4190 1138 4270 lege
1150 4189 1314 4268 irrogatura

213 4288 319 4358 velim3
347 4296 377 4348 et
391 4304 409 4347 a
421 4304 479 4365 quo
492 4284 641 4365 praevideo
653 4284 718 4344 fore
732 4294 766 4343 ut
778 4285 857 4346 bene
870 4284 953 4343 multi
967 4284 997 4343 in
1011 4283 1128 4343 diverse
1140 4281 1314 4354 dimedantg

212 4394 284 4453 tum,
300 4382 379 4462 paris
396 4381 483 4459 hujus
496 4379 624 4439 virorum
638 4378 861 4439 cimimimorum
879 4396 996 4438 mursam
1013 4376 1052 4437 ad
1065 4376 1205 4457 populum
1218 4373 1311 4445 iilum,

210 4492 300 4553 quem
310 4474 414 4537 litteris
422 4472 481 4535 suis
495 4472 703 4545 illuminarunt,
713 4471 879 4563 uniompr
890 4470 932 4531 nii
945 4470 1104 4551 partirem,
1116 4470 1203 4547 cnjus
1214 4464 1312 4546 iliani·
