2984 4917
400 333 460 395 AD
482 332 603 396 SUUM
623 332 1091 405 numosrncrsfflr‘r.
1238 337 1300 401 xliii

202 488 340 559 tionibus,
349 488 447 549 multis
457 480 496 549 ds
504 489 600 551 camis
612 488 749 551 aceldere
758 489 846 565 solet)
857 489 1057 569 perturbmds
1068 488 1302 555 summotonus

201 592 290 643 esset.
333 580 410 641 Herc
430 580 520 659 igitur
537 582 734 643 incredibilem
757 582 887 646 ardorem
907 582 1002 662 primo
1019 598 1142 661 quoque
1162 593 1295 662 tempore

203 672 404 735 conversionis
419 674 604 736 absolvendae
617 675 652 734 'in
667 674 768 737 animo
784 668 851 734 meo
864 674 1038 735 excitarunt.
1080 676 1183 755 ltaque
1194 686 1298 755 neque

201 775 316 835 noctes,
330 784 427 843 neque
440 762 680 844 diesconqoievi,
694 760 853 845 repudiatis
866 766 994 826 omnium
1004 767 1183 845 voluptstum
1195 767 1302 829 illeoea'
1321 820 1325 825 .

201 858 272 928 bris,
285 858 463 938 propulsatis
475 852 561 920 variis
580 858 806 928 difficultatibus,
826 870 983 937 antequam
999 859 1038 917 sd
1055 860 1300 939 optatumlioem

203 951 290 1030 coepti
311 952 409 1031 operis
430 952 636 1031 pervenissem.
676 951 767 1017 Quod
787 969 907 1030 quums
924 950 1060 1011 studiosis
1078 962 1117 1011 et·
1129 951 1301 1031 bibliopolis

200 1041 388 1103 vehementer
398 1043 523 1121 flagitari
534 1043 744 1121 cognovissem,
752 1062 814 1101 non
823 1042 1010 1103 differendam
1020 1042 1125 1103 diutius
1135 1042 1299 1103 editionem

202 1136 395 1195 esseceusui.
436 1136 516 1203 Quid
530 1136 606 1197 enim
619 1146 709 1207 vetut,
729 1134 893 1195 hominibus
910 1136 1024 1195 interim
1044 1145 1077 1194 et
1093 1136 1240 1214 prodesse,
1257 1147 1297 1197 et

200 1228 386 1308 grutiiicsri?
413 1228 492 1287 Nam
509 1228 534 1289 si
549 1229 608 1289 vita
629 1228 699 1287 mibi
719 1228 899 1306 benignitate
920 1226 1045 1287 numinis
1065 1226 1222 1305 contigerit
1241 1229 1297 1287 uli.¹
1422 1234 1426 1243 ·

200 1322 318 1401 quando
328 1320 511 1401 tranquillior
523 1320 574 1400 (de
588 1340 647 1399 quo
659 1340 718 1381 non
732 1320 866 1400 despero)
879 1340 915 1381 sc
928 1319 1097 1392 diuturnior,
1109 1338 1196 1399 quam
1208 1320 1300 1400 polli-⁸

201 1414 262 1472 ceri
274 1412 344 1473 mihi
357 1432 411 1493 per
420 1414 615 1475 nlstudinem
627 1414 676 1473 vis
689 1414 800 1473 audeo:
815 1432 930 1493 semper
942 1412 998 1473 erit
1010 1413 1185 1473 emendandi
1198 1424 1230 1473 et
1241 1426 1300 1475 exi·

203 1505 325 1565 ornandi
345 1506 433 1570 locos.
452 1506 484 1566 id
497 1507 585 1585 quod,
601 1517 633 1565 ut
646 1524 666 1565 a
677 1505 849 1584 quibusdam
861 1506 1068 1586 reprehensum
1088 1518 1144 1577 est,
1160 1506 1300 1567 camora:

202 1597 463 1677 planeseveritate,
479 1599 620 1679 quicquid
633 1598 766 1659 omnibus
778 1599 839 1659 suis
855 1600 981 1660 numeris
994 1600 1158 1659 absolutum
1171 1620 1231 1659 non
1240 1600 1299 1681 pit,

201 1690 291 1755 veluti
304 1692 370 1752 loco
383 1690 573 1764 moventibus,
587 1702 675 1771 atque
688 1691 718 1751 in
732 1690 864 1751 ordinem
877 1690 1059 1769 cogentibus,
1074 1692 1118 1752 sic
1131 1713 1150 1751 a
1160 1686 1298 1765 doctississ
1326 1704 1332 1715 ·

200 1782 254 1842 mis
266 1782 430 1863 quibusque
451 1794 512 1843 tum
532 1794 640 1843 nostrus
661 1783 766 1855 oetatu,
783 1798 847 1843 tum
859 1783 965 1845 veteris
984 1784 1131 1843 memoriae
1144 1784 1221 1857 viris,
1241 1778 1300 1844 aut]

201 1894 268 1939 eum
281 1876 380 1947 laude,
396 1887 449 1937 aut
460 1888 542 1937 certe
555 1896 613 1936 non
626 1876 688 1937 sine
701 1875 795 1947 venia,
807 1894 922 1955 semper
935 1886 981 1936 cst
993 1886 1173 1962 usurpatum.
1214 1875 1299 1934 Nam*

199 1968 340 2048 preclare
354 1980 504 2048 poetarum
514 1968 740 2050 sapientissimus
756 1968 917 2049 Euripides,
931 1968 963 2027 oi
975 1969 1098 2047 &erepat
1110 1992 1178 2039 πως,
1191 1964 1297 2047 inquit,

199 2062 340 2141 pporrldse
356 2063 524 2143 sopo'rspos:
548 2074 579 2122 et
590 2062 737 2123 interdum
751 2059 854 2141 graves
863 2068 1011 2142 justeque
1024 2080 1122 2122 cause
1134 2071 1211 2131 suot,
1226 2079 1293 2139 pro·

198 2164 266 2232 pter
286 2173 368 2232 quss,
384 2174 450 2213 non·
462 2155 580 2235 quidem
602 2157 827 2236 precipitaodae,
849 2156 903 2216 sed
923 2154 1104 2215 maturandos
1124 2167 1222 2214 temen
1234 2154 1294 2213 siut

199 2244 350 2307 editiores.
393 2245 500 2326 Neque
519 2258 616 2309 tumen
629 2249 687 2308 hoc
699 2249 740 2309 sic
753 2248 849 2327 accipi
861 2247 963 2318 velim,
971 2248 1054 2328 quasi
1071 2266 1119 2307 me
1132 2246 1298 2307 sententies·

200 2338 445 2397 ullasullsturum
459 2358 525 2401 esse
535 2350 635 2419 putem
650 2340 730 2413 (dedi
744 2340 827 2407 ¹euim
845 2358 974 2419 opernm,
988 2350 1022 2398 ut
1042 2359 1080 2399 ne
1099 2340 1131 2398 in
1150 2358 1187 2399 ea
1199 2358 1231 2399 re
1243 2358 1292 2400 so·

200 2432 309 2495 cordius
322 2440 500 2509 accusarer),
514 2433 568 2495 sed
581 2432 658 2512 quod
672 2454 765 2513 mnus
779 2432 926 2505 cretionis,
942 2434 1052 2511 dequo
1066 2434 1153 2493 rebus
1166 2433 1233 2512 ipsis
1247 2434 1291 2492 in·

198 2536 295 2587 tentus
316 2524 428 2585 unimus
447 2544 507 2585 non
527 2524 647 2604 perinde
668 2527 790 2601 loborat,
803 2526 896 2587 limari
914 2526 1012 2588 multis
1026 2526 1055 2584 in
1068 2526 1141 2586 locis
1154 2526 1188 2585 et'
1197 2526 1299 2606 spleu··

199 2620 322 2679 descere
339 2634 410 2677 cura
428 2628 458 2677 et
477 2617 627 2697 diligentia
646 2620 763 2697 poterit.
805 2620 856 2680 Sic
872 2636 969 2698 usque
983 2624 1130 2695 jacturam
1143 2619 1232 2678 ullam
1245 2619 1298 2680 fa··'

198 2712 289 2787 cient,
303 2710 353 2789 qui
366 2730 442 2770 nunc
455 2711 556 2789 legent
566 2712 842 2790 (seutentiamenim
854 2711 1073 2784 Demosthenis,
1085 2712 1183 2791 quoad
1195 2714 1259 2790 ejus
1272 2728 1298 2771 o}

197 2823 245 2862 me
259 2803 324 2863 fieri
337 2801 440 2881 potuit,
455 2822 622 2881 germanam
635 2804 797 2880 habebunt)
811 2816 840 2862 et
857 2803 906 2882 qui
923 2803 1115 2881 posteriorem
1134 2803 1297 2864 editiom·

199 2896 334 2964 emerint,
348 2895 379 2954 id
393 2896 539 2963 commodi
553 2896 680 2975 capient,
695 2908 728 2955 ut
742 2896 872 2955 dictione
890 2895 984 2953 minus
997 2893 1112 2953 horrida
1124 2897 1217 2971 mogis
1238 2895 1297 2955 dei

200 2989 355 3048 lectentur.
394 2988 455 3047 Hic
467 2988 554 3065 igitur
571 2990 654 3049 labor
663 3008 760 3061 tureos,
774 2987 866 3066 qualia
878 2986 971 3064 qualis
986 2994 1041 3055 est,
1056 2984 1192 3064 equidem
1206 2998 1298 3065 opto,=

199 3091 233 3139 ut
249 3080 381 3141 studiosis
400 3080 561 3142 homiuibus
581 3082 682 3159 prosit,
702 3082 763 3141 sive
777 3078 962 3139 mediocriter
975 3076 1079 3146 doctis,
1094 3077 1154 3137 sive
1167 3078 1299 3149 muium·

197 3190 359 3251 graecsrm
372 3172 528 3233 literarum.
569 3172 706 3253 Utrisque
726 3192 797 3233 sene
814 3170 977 3233 consultum
992 3170 1080 3240 volui,
1101 3188 1138 3229 ac
1156 3170 1244 3231 toties
1253 3182 1298 3231 et·

195 3266 256 3345 legi
273 3278 309 3327 et
322 3266 413 3344 relegi
428 3267 668 3336 Demosthenem,
690 3266 777 3325 toties
796 3284 891 3324 msam
910 3262 1129 3323 conversionem
1142 3281 1208 3323 cum
1222 3264 1287 3343 ipso

197 3369 300 3419 autore
314 3358 434 3429 contuli,
449 3358 534 3418 toties
548 3359 709 3430 emendavi,
721 3358 807 3418 toties
820 3357 851 3415 in
862 3356 991 3435 singulas
1003 3372 1096 3434 prope
1106 3355 1231 3434 syllabas
1243 3357 1287 3415 in·

195 3451 314 3531 quisivi:
335 3462 369 3510 ut
381 3451 591 3530 ignoscendum
601 3450 668 3509 mihi
680 3470 745 3511 esse
756 3462 900 3530 putarem,
910 3448 935 3508 si
944 3466 991 3506 me
1001 3445 1108 3525 aliquid
1120 3448 1288 3526 prestitisse

195 3544 357 3624 profiterer,
379 3542 457 3621 quod
475 3544 547 3607 alies
567 3543 661 3602 miuus
681 3542 834 3621 diligentes
846 3552 878 3601 et
891 3550 1017 3601 scentes
1029 3540 1223 3619 preterisset:
1249 3558 1295 3601 act

195 3654 353 3715 sperarem,
361 3644 425 3693 tum
432 3635 522 3694 latine
535 3634 677 3693 duntaxat
687 3634 792 3693 doctos
805 3651 933 3713 meeum
946 3630 1081 3691 codicem
1093 3650 1154 3691 non
1166 3648 1294 3711 magum:

197 3748 267 3808 pere
289 3726 524 3787 desideraturos:
560 3740 621 3788 tum
646 3727 676 3785 in
699 3728 801 3804 grecis
820 3724 911 3784 literis
932 3742 991 3783 noo
1010 3722 1080 3783 satis
1099 3725 1295 3798 exercitatos,-

196 3818 390 3881 conversionis
404 3838 478 3878 mese
487 3818 566 3877 velut
578 3816 766 3886 adminiculis,
777 3817 817 3876 ad
829 3816 1064 3895 ipsumautorem
1077 3815 1294 3894 perlegendum·

195 3922 333 3990 tanquam
352 3910 443 3971 rivrrlo
461 3930 518 3969 non
532 3910 675 3969 ioamoeno
689 3910 767 3969 duce
779 3908 818 3968 sd
831 3908 943 3967 fontem
955 3906 1184 3987 limpidissimum
1197 3919 1287 3988 atque

195 4004 371 4064 uberrimum
392 4002 478 4063 fecile
498 4012 695 4082 perventuros.
737 4001 805 4080 Ego
827 4011 918 4070 corte,
943 4000 1153 4079 cumprimum
1175 4002 1286 4063 Demo·

195 4096 328 4166 sthenem
349 4095 448 4157 Marte
462 4114 527 4153 meo
541 4100 609 4173 (nec
622 4094 696 4155 enim
711 4093 760 4153 diu
772 4092 972 4171 magistrorum
992 4112 1082 4172 opera
1101 4092 1145 4153 uti
1164 4093 1234 4151 mibi
1251 4094 1286 4151 li·

194 4188 264 4264 cuit)
278 4190 377 4266 legere
388 4187 557 4268 coepissem:
577 4198 685 4267 quanta
695 4186 783 4247 animi
795 4185 954 4255 alacritate,
964 4198 1075 4265 quanta
1087 4187 1293 4247 exsultatione·

200 4292 375 4361 accepturus
389 4280 432 4341 sui
450 4280 667 4342 couversionem
685 4280 787 4339 summi
804 4280 934 4351 oratoris,
947 4280 1003 4340 boc
1016 4281 1186 4341 mea-sibilo
1199 4280 1290 4341 mali-¹

196 4396 286 4445 orem,
301 4384 354 4435 sut
366 4374 514 4453 aliquanto
527 4375 611 4433 etiam
626 4374 823 4434 deteriorem?
852 4374 929 4434 Nam
943 4385 977 4433 ut
989 4374 1075 4433 ullius
1087 4371 1157 4432 boui
1174 4377 1283 4437 autoris

194 4467 395 4548 interpretatio
406 4467 444 4531 sit
458 4466 618 4546 exemplari
636 4466 808 4541 melior,'aut
820 4484 910 4545 seque⁸
919 4464 1006 4541 boos,
1016 4464 1080 4525 fieri
1092 4464 1212 4523 sonasse
1223 4484 1294 4530 oon
