2984 4917
300 318 489 378 LAMBINI
512 318 642 380 PRAEF.
665 318 725 381 An
745 318 815 378 ΕΙ).
836 312 943 379 ΒΕΜ.
965 317 1103 379 rums.
1182 318 1264 377 xxvii

178 472 335 533 vertebant-
348 487 420 532 sua:
442 471 551 550 dequo
570 464 764 553 protereunte
776 474 932 535 dict-bontt
948 474 1009 534 Hie
1021 486 1067 535 est
1085 472 1135 533 ille
1148 463 1262 533 Demo·

174 566 302 637 sthenes,
317 566 367 644 qui
382 564 556 625 Ciceronem
564 565 661 635 nobis,
676 576 801 645 quantus
814 578 870 638 est,
887 566 991 627 effecit
1032 556 1262 634 Desideratum,

175 674 247 735 qnos
265 658 354 717 modo
376 656 499 728 leuduni,
515 658 673 717 Dsnesium
687 670 717 719 et
733 659 920 739 Obsopoeum,
938 661 988 739 qni
1010 648 1261 719 in'Demostlreus·

176 749 358 809 restituendo
370 750 538 830 praeolursrn
558 762 697 809 nsvmunt
717 770 845 831 opersm.
886 752 1046 812 Artificinm
1060 770 1138 822 sero,
1152 750 1208 811 etsi
1222 762 1260 808 εκ

177 841 241 921 ipso
262 842 370 903 artifice
387 847 448 918 jam
470 843 606 921 cognosci
623 844 727 921 potuit,
744 855 843 903 tamen
855 834 957 905 melius
971 855 1003 903 et
1016 843 1121 904 cerbus
1134 860 1173 902 ex
1185 842 1262 920 ipsa·
1287 906 1290 911 ,

177 953 241 993 rum
254 934 413 995 orationum
426 944 540 995 textura
553 944 583 995 et
596 934 721 995 lectione
739 936 924 1015 intelligetur.
967 936 1105 1015 Superest
1117 934 1262 1005 materies,

178 1024 210 1082 in
223 1042 281 1105 qus
293 1026 398 1085 artifex
415 1025 469 1086 iste
484 1025 596 1085 divinus
614 1036 706 1087 ortem
719 1046 801 1107 suam
814 1026 987 1088 declararit:
1008 1046 1045 1087 es
1057 1044 1127 1086 vero
1138 1026 1186 1085 hic
1203 1036 1264 1084 tom

178 1117 276 1195 ampla
288 1129 343 1189 est,
365 1128 484 1197 tumque
507 1117 566 1177 lste
580 1128 691 1197 potens,
706 1130 739 1177 ut
752 1138 854 1181 omnes
866 1118 1053 1199 philosophie
1067 1126 1164 1199 partes
1177 1119 1264 1177 strin-

178 1228 249 1287 gere
260 1208 402 1269 videntur.
433 1209 510 1268 Nam
524 1221 556 1268 et
569 1228 614 1269 res
627 1211 657 1270 in
670 1212 847 1272 obscuritate
860 1222 971 1271 neturus
983 1212 1106 1272 latentes
1119 1210 1263 1269 interdurn

178 1301 227 1361 lrio
240 1298 338 1361 orstor
351 1302 381 1360 in
392 1312 522 1381 spertsm
539 1302 636 1363 lucem
654 1303 806 1383 splendida
819 1315 850 1365 et
862 1305 964 1364 illustri
976 1305 1112 1364 urstione‘
1120 1302 1218 1372 trehit,
1232 1312 1264 1361 et

179 1394 217 1453 de
229 1394 384 1454 virtutibus
398 1406 429 1453 et
441 1394 523 1454 vitiis
534 1386 712 1455 ornatissime
731 1396 820 1458 dicits
840 1408 871 1457 et
889 1397 1066 1477 argumentis
1082 1396 1125 1456 sio
1141 1405 1263 1475 pugnat,

179 1498 214 1545 ut
223 1480 416 1547 'contrs'stsro
428 1480 609 1548 advenerint
620 1490 700 1547 nullo
716 1490 804 1549 modo
816 1490 915 1571 possit.
955 1490 1065 1550 Verum
1079 1489 1144 1548 brec
1157 1487 1197 1547 ud
1209 1487 1265 1547 tris

181 1597 348 1640 mosomum
368 1600 475 1658 genero
489 1573 725 1640 omuiarefemnt
743 1594 891 1643 oratores:
912 1584 949 1643 sd
970 1581 1204 1651 consultationes,
1225 1578 1264 1638 ad

179 1672 292 1742 lsudes,
302 1682 333 1730 et
346 1672 383 1731 sd
392 1668 545 1749 judiciales
558 1667 776 1735 controversias.
802 1676 961 1735 Judioiules
971 1663 1069 1734 sutem
1079 1663 1265 1733 osnsssesunt
1307 1699 1311 1711 ·

179 1774 247 1823 snut
261 1764 419 1843 bipertitae3
440 1766 504 1825 slioe
524 1766 600 1825 enim
611 1777 678 1825 sunt
695 1766 734 1826 ds
751 1768 874 1848 publicis
894 1768 981 1826 rebus
995 1759 1134 1838 divitatis,
1148 1764 1212 1824 slioe
1226 1764 1264 1822 ds

179 1852 501 1935 privstisoirium'inter
514 1857 664 1919 uelitibus.
704 1858 808 1938 ltsque
821 1871 852 1919 et
869 1850 917 1919 sx'
930 1858 974 1917 his
991 1856 1083 1917 tribus
1104 1856 1267 1915 orationum

179 1947 382 2019 voluminibus,
397 1949 524 2027 primum
535 1946 770 2010 'consulmu‘ones
782 1951 935 2020 etlsudes,
949 1950 1027 2029 quod
1046 1949 1094 2007 hss
1113 1946 1266 2027 pauciores

178 2040 245 2109 sint,
260 2058 350 2118 quam·
356 2036 476 2115 judicis,
490 2038 638 2097 continet:
659 2038 828 2109 seeundum,
843 2040 997 2112 judiciales
1009 2058 1112 2097 osusss
1125 2058 1185 2109 ess,
1200 2054 1266 2117 qum

180 2131 216 2191 de
226 2131 349 2209 publicis
362 2132 449 2190 rebus
459 2130 640 2207 discoptsnt:
654 2128 781 2199 tertium,
791 2129 914 2207 privatus
927 2130 1032 2189 civium
1043 2130 1265 2190 controveniar.

181 2225 334 2285 Noluimus
355 2224 431 2283 ssim
444 2220 687 2295 commoditatem,
700 2220 724 2280 si
735 2240 794 2300 qus
804 2221 835 2280 in
847 2222 904 2281 buo
917 2222 1056 2300 tripertita
1069 2223 1209 2299 divisione
1221 2222 1266 2279 in·⁴

182 2329 237 2387 est,
247 2314 402 2396 aspernari,
414 2332 452 2374 ne
461 2314 542 2375 vobis
555 2314 651 2393 sliqus
662 2334 700 2372 ex
715 2306 799 2393 parte
811 2314 941 2375 defuisse
952 2314 1111 2377 videsmur.
1151 2314 1268 2374 Vslete.

184 2408 315 2481 Besileae,
331 2406 602 2469 CalendJunuarii.
618 2408 705 2469 1547.

219 2544 254 2647 Ϊ
363 2597 368 2604 ·
415 2602 719 2682 urouusrus
747 2604 1040 2705 nuumuus

667 2755 788 2817 Lecton.

223 2874 406 2933 Assosurs
421 2883 468 2932 ert
481 2871 609 2942 taudem,
623 2872 717 2930 luctor
733 2870 852 2942 erudite,
867 2870 1074 2931 Demosthenis
1094 2869 1192 2940 editio,
1206 2890 1267 2928 orn·

184 2966 270 3025 nibus
278 2964 426 3025 literarum
436 2982 594 3043 grauem
603 2964 738 3023 studiosis
751 2962 861 3021 umdiu
875 2972 1053 3040 exspectata,
1073 2961 1105 3021 et
1115 2947 1267 3039 tantopere

187 3066 344 3134 exoptata:
364 3067 450 3137 stqus
469 3055 505 3115 iis
518 3055 636 3135 quidem
656 3054 831 3134 temporibus
851 3054 992 3124 obuoluta,
1012 3052 1177 3133 quibusvis
1191 3048 1267 3132 quis}

185 3166 270 3227 quun
285 3148 343 3207 hoo
355 3150 476 3209 auderet
489 3159 599 3227 optare,
610 3146 716 3207 nedum
728 3166 856 3227 sperare.
897 3134 974 3208 Cum
993 3147 1070 3206 enim
1084 3146 1192 3207 seirent
1205 3166 1267 3205 om·

185 3258 238 3301 ues
247 3241 378 3301 homines
388 3242 438 3321 qui
452 3242 599 3301 literarum
607 3258 768 3319 graecarum
781 3240 880 3300 studio
889 3240 1081 3310 delectantur,
1090 3236 1269 3298 Demosthe·

184 3352 251 3394 nsrn
265 3332 439 3393 sGulielrno
451 3333 584 3404 Morelio,
596 3334 780 3413 typographo
793 3333 883 3413 regio,
894 3319 1135 3411 viroesperients
1148 3346 1184 3391 se
1194 3341 1269 3390 stre·

184 3446 251 3497 ouo,
262 3436 304 3497 et,
319 3444 493 3505 quemquam
505 3442 564 3485 non
577 3426 732 3485 admodum
747 3425 903 3505 locuplete,
916 3425 1028 3503 mugnis
1040 3437 1143 3509 tamen
1152 3436 1183 3483 et
1195 3422 1269 3481 muts

182 3518 220 3578 tis
233 3519 303 3578 artis
317 3512 734 3597 typographiooe'fscultstibus
752 3527 838 3597 atque
855 3516 1028 3594 sdjumentis
1050 3506 1159 3586 orosto,
1178 3533 1268 3577 anuos

184 3612 290 3671 ablrino
302 3608 417 3671 circiter
430 3610 596 3681 duodecim,
616 3611 794 3690 temporibus
813 3610 982 3689 reipubliooe
1004 3609 1091 3670 etiam
1110 3618 1172 3668 tum
1189 3620 1268 3667 usn·
1339 3607 1344 3613 ’

183 3702 277 3781 quillis
291 3713 323 3762 et
334 3702 455 3781 paretis,
470 3714 596 3781 coptum
617 3714 689 3763 esse·
700 3702 823 3763 excudi:
844 3702 897 3764 sed
916 3711 1036 3780 proptor
1055 3713 1150 3761 motus
1169 3700 1268 3761 civiles

183 3806 245 3853 tum
263 3792 387 3873 primum
400 3796 430 3853 in
443 3794 541 3855 Gallis
552 3795 719 3875 ingruentes
740 3788 826 3873 'atque
837 3794 973 3865 orientes,
986 3784 1158 3873 ettempo'rs
1170 3793 1270 3853 turbu·

182 3884 265 3945 lents
277 3904 313 3946 ae
324 3884 520 3959 formidolose,
535 3904 599 3947 esse
612 3884 821 3946 intermissum:
842 3885 912 3965 quid
925 3896 987 3945 erat
1004 3887 1099 3946 minus
1119 3885 1269 3957 oreddtlls,

185 3997 274 4057 qmm
287 3990 403 4057 propter
411 3998 482 4059 quus
496 3996 598 4040 causas
613 3998 686 4059 opus
699 3990 759 4039 tum
768 3972 947 4059 preclarum,
961 3991 1021 4040 tsm
1034 3968 1194 4059 plausibile,
1208 3990 1270 4039 tom
1323 3970 1329 3975 ’

183 4070 329 4131 vendibile
348 4071 484 4150 demque,
502 4072 606 4131 fuisset
618 4072 656 4131 dt
676 4072 806 4131 munibus
827 4072 962 4150 positum,
985 4086 1132 4151 tonosque
1155 4072 1272 4132 circitor

185 4162 290 4223 decem
307 4162 448 4241 jsouiaset
468 4163 645 4234 inchoatum,
659 4159 760 4223 iisdem
774 4163 869 4225 esuris
888 4157 1079 4235 manentibus,
1094 4174 1181 4243 utque
1196 4164 1270 4222 odeo

183 4254 277 4315 auctis
291 4256 328 4315 so'
342 4255 544 4335 multipliostis,
558 4257 594 4315 sb
608 4255 733 4326 homine,
747 4254 776 4315 si
791 4274 849 4314 non
862 4256 956 4317 minus
976 4257 1015 4316 ad
1026 4266 1137 4315 rmum
1151 4272 1212 4315 rem
1225 4254 1271 4313 ua

184 4347 318 4408 ciendam
327 4347 447 4420 idoneo,
458 4362 490 4408 st
502 4344 581 4409 reite
593 4339 776 4427 paucioribus
787 4339 959 4427 adjumentis
972 4349 1010 4408 ud
1023 4364 1088 4408 enm
1102 4346 1270 4407 necessariis

184 4438 335 4513 instructo,
355 4440 505 4521 minusque
525 4434 746 4512 exercitamus
764 4440 878 4518 integro
898 4442 927 4499 in
941 4461 1051 4501 manua
1071 4440 1157 4511 sunu,
1175 4458 1209 4499 ao
1223 4457 1271 4499 res
