2984 4917
378 311 439 371 AD
462 312 529 373 ΕΙ).
551 313 771 376 DEMOSTH.
794 314 1049 376 PARISINAM.
1193 316 1264 375 xxxi

178 464 264 531 Quod
279 465 303 522 si
318 468 383 542 ejus
396 470 613 547 occupationes,
636 483 668 531 ut
682 492 796 532 summo
810 478 876 548 jure
891 483 1037 552 poterant,
1051 471 1093 533 ita
1106 470 1163 532 hoc
1183 472 1268 533 nobis

176 561 375 633 adjumentum
395 558 600 639 denegassent,
621 564 735 643 nisique
759 564 845 643 qnasi·
860 564 978 642 quidam
994 564 1139 623 Hercules
1154 564 1269 623 Atlanti

177 650 294 711 defesso
307 650 337 710 in
352 662 465 729 partem
479 654 584 713 laboris
598 657 797 727 successisset,
810 657 955 735 profecto,
968 668 1003 716 ut
1022 656 1148 736 ingenue
1165 656 1269 728 fateor,

176 754 285 803 mntem
301 744 414 822 negotii
428 746 533 805 molem
548 747 679 826 perferre
693 768 751 808 non
764 749 930 828 potuissem.
972 749 1048 810 Cum
1060 748 1272 828 igitur-Diony-

175 836 218 895 sio
240 835 385 895 Lambiuo
402 837 488 915 hujus
508 836 640 899 editionis
661 842 801 901 absolutae
814 860 922 920 magna
935 841 1028 919 gratia
1042 841 1194 913 debeatur,
1207 850 1269 904 tum

179 926 329 987 Gulielmo
345 928 472 989 Marelio
486 941 600 991 mortuo
614 932 694 991 nulla
714 933 784 993 saus
796 933 893 1013 ampla
906 934 968 993 laus
982 933 1070 992 tribui
1088 945 1195 1013 potest,
1216 932 1269 1013 qui

176 1022 299 1100 primum
322 1021 380 1081 boc
405 1040 476 1100 opus
498 1042 579 1083 orsus
598 1019 667 1085 ests*
685 1025 792 1086 deinde
814 1026 953 1085 librorum
968 1037 1102 1084 veterum
1122 1025 1269 1103 regiorum

176 1132 233 1191 ope
255 1113 357 1184 fretus,
378 1114 497 1193 Ulpiani
517 1118 737 1177 commentarios
760 1117 824 1196 plus
842 1130 944 1195 quarta
962 1127 1046 1198 parte
1066 1126 1169 1175 auctos
1186 1117 1270 1177 nobis

175 1207 309 1285 reliquit:
332 1226 400 1267 oum
421 1220 530 1287 praeter
544 1209 723 1287 diligentiam
743 1222 774 1269 et
792 1210 961 1270 industriam
979 1209 1049 1267 nihil
1062 1209 1100 1269 de
1119 1227 1173 1269 suo
1186 1210 1269 1269 addi-

176 1300 261 1361 derit.
283 1320 350 1360 nam
376 1300 511 1380 quicquid
533 1302 662 1361 additum
681 1314 737 1373 est,
763 1303 894 1363 additum
913 1322 951 1363 ex
969 1302 1049 1362 libris
1069 1302 1270 1381 manuscriptis

177 1394 280 1473 quibus
292 1394 324 1453 in
336 1394 577 1473 recognoscendo
590 1394 793 1455 Demosthene
813 1416 886 1456 usus
905 1407 970 1457 est:
992 1395 1148 1474 exquibus
1168 1404 1270 1454 omnes

177 1488 329 1565 scriptume
341 1488 494 1549 varietates
507 1489 537 1547 in
552 1488 712 1565 marginem
731 1489 817 1548 unius
833 1490 958 1568 exempli
974 1487 1152 1567 Hervagiani
1165 1488 1271 1547 tidelis·

177 1582 252 1642 sime
271 1582 462 1653 transtulerat,
484 1582 621 1660 idemque
635 1593 665 1641 et
679 1583 709 1639 in
723 1583 821 1641 multis
833 1583 896 1642 aliis
910 1582 998 1653 libris,
1012 1590 1167 1659 antequam
1181 1600 1197 1638 e
1211 1581 1270 1640 vita

177 1674 347 1745 decederet,
358 1674 476 1745 fecerat,
489 1685 519 1733 et
534 1675 563 1732 in
573 1673 702 1753 pluribus
713 1673 844 1735 facturus
858 1685 931 1745 erat,
946 1675 970 1734 si
980 1674 1040 1735 vita
1049 1672 1269 1753 suppeditasset.

175 1771 276 1835 Quare
299 1770 426 1827 omnium
440 1770 583 1828 bonorum
601 1768 701 1828 farore
715 1767 821 1845 dignus
841 1778 913 1837 erat,
927 1766 976 1845 qui
996 1776 1108 1824 tanturn
1130 1765 1278 1835 studium,

176 1871 346 1938 tantamque
365 1859 532 1919 industriam
547 1858 582 1920 ad
597 1869 724 1919 vetustos
739 1858 857 1919 codices
870 1857 952 1937 quasi
964 1877 982 1915 e
1000 1856 1058 1916 situ
1071 1857 1224 1927 eruendos,
1238 1866 1270 1915 et

177 1973 213 2013 ex
227 1972 326 2013 eorum
338 1953 512 2012 auctoritare
526 1954 659 2031 vulgatos
671 1952 867 2012 restituendos
881 1948 1060 2009 conferebat.

166 2064 169 2071 '
217 2046 306 2112 Quod
320 2047 359 2105 ad
371 2046 581 2107 Demosthenis
595 2046 696 2105 laudes
717 2044 830 2115 attinet,
846 2042 984 2103 ridiculas
998 2060 1069 2099 sane
1082 2057 1188 2109 essem,
1201 2038 1225 2097 si
1239 2038 1269 2096 in

177 2148 260 2198 tanto
274 2147 389 2197 oratore
403 2136 550 2197 laudando
562 2137 677 2197 inanem
692 2155 811 2217 operam
824 2136 874 2197 bic
888 2153 1004 2194 sumere
1017 2133 1131 2192 vellem.
1174 2130 1272 2191 &uus

175 2230 253 2289 eninr
268 2242 313 2289 est
332 2229 370 2289 de
387 2248 423 2289 eo
443 2242 552 2302 tacere,
567 2250 654 2309 quarn
675 2248 767 2309 pauca
779 2228 889 2298 dicere,
903 2227 1034 2305 ejusdem
1047 2236 1145 2285 tamen
1159 2224 1270 2302 aliquot

177 2324 274 2401 elogia
295 2344 330 2382 ex
346 2322 492 2383 veteribus
507 2334 610 2393 sumta,
626 2324 654 2381 in
676 2322 781 2400 quibus
795 2318 967 2398 colligendis
981 2318 1070 2379 nobis
1079 2335 1198 2396 operam
1217 2336 1269 2377 na·

175 2417 252 2476 sarit
264 2416 304 2475 D.
319 2416 491 2486 Lambinus,
505 2416 689 2495 subjecimus.

185 2524 191 2531 ·
212 2510 297 2579 Vale,
311 2510 406 2569 lector
423 2509 577 2580 benevole,
597 2520 627 2567 ct
650 2506 673 2566 si
689 2504 757 2587 quid
770 2508 847 2566 bene
861 2505 898 2564 de
919 2504 976 2564 tuis
996 2502 1100 2563 studiis
1113 2520 1267 2571 meremur,

174 2602 300 2663 vicissim
316 2601 392 2661 fave.

216 2698 285 2756 Hoc
300 2694 408 2766 autem,
424 2696 517 2757 lector
530 2694 651 2765 erudite,
667 2693 866 2753 admonendus
881 2708 922 2761 es,
942 2710 1009 2749 cum
1021 2688 1171 2749 -Morelins
1185 2698 1280 2761 octo,-

173 2802 205 2851 ut
218 2790 288 2860 dixi,
310 2788 459 2849 codicibus
477 2790 509 2847 in
531 2786 774 2866 recognoscendo
788 2786 993 2845 Demosthene
1015 2803 1083 2842 usus
1104 2781 1150 2853 sit,
1169 2800 1220 2840 eos
1233 2780 1268 2838 li-

174 2882 245 2943 teris
256 2883 359 2961 graecis
374 2882 402 2940 in
412 2882 544 2959 margine
557 2881 644 2958 hujus
659 2878 794 2938 editionis
804 2876 967 2955 significari,
983 2874 1064 2934 verbi
1075 2872 1178 2951 gratia,
1191 2891 1267 2931 unus

173 2976 353 3054 significatur
364 2975 448 3035 litera
463 3000 490 3033 α.
505 2974 577 3033 alius
596 2974 680 3033 litera
693 2971 725 3045 β.
746 2971 817 3030 alins
834 2970 917 3027 litera
930 2992 960 3041 γ.
982 2976 1013 3025 et
1026 2966 1069 3024 sic
1083 2964 1120 3022 de
1138 2964 1267 3041 reliquis.

178 3069 325 3127 Caeterum
339 3078 414 3126 notre
430 3068 601 3146 marginales
616 3063 793 3144 respondent
806 3061 889 3131 notis,
910 3078 975 3139 quar
988 3068 1055 3116 sunt
1074 3056 1103 3114 in
1118 3064 1267 3115 contextu.

177 3162 283 3231 Voces,
310 3182 374 3241 quae
394 3160 581 3221 includuntur
599 3157 766 3239 hujusmodi
789 3155 937 3224 obelisco,
959 3163 990 3212 et
1009 3148 1174 3229 hujusmodi
1197 3159 1268 3208 nota

171 3254 339 3334 apostropbi
357 3259 375 3324 ',
396 3254 599 3313 desiderantur
616 3253 646 3311 in
666 3251 744 3311 libris
763 3270 817 3308 sua
836 3248 919 3307 litera
938 3244 1114 3324 significatis.
1147 3243 1276 3318 Hujus-³

174 3349 252 3408 morli
267 3359 365 3408 autem
385 3347 569 3406 asteriscus*
589 3346 708 3416 indicat,
723 3362 824 3402 vocem
838 3340 885 3400 vel
906 3358 994 3398 voces
1015 3337 1130 3397 additas
1151 3355 1215 3396 esse
1235 3336 1276 3393 ln·

173 3442 313 3520 margine,
336 3460 401 3518 quar
416 3440 521 3498 absunt
542 3440 579 3499 ab
594 3438 655 3498 aliis
677 3435 826 3497 codicibus
839 3454 902 3492 non
923 3430 1102 3510 significatis.
1144 3428 1266 3487 Numeri

174 3535 221 3613 qui
232 3546 305 3593 sunt
318 3534 356 3594 ad
372 3534 531 3611 marginem
552 3530 832 3598 commentariorum,
850 3525 1025 3605 respondent
1044 3522 1170 3582 numeris
1191 3522 1265 3581 indi-

175 3629 265 3699 cibus,
287 3628 417 3706 quisunt
431 3628 470 3685 ad
491 3625 649 3703 marginem
669 3632 834 3683 contextus.
876 3618 989 3677 Multas
1009 3616 1159 3694 scripturae
1172 3615 1276 3675 varie·-

174 3732 259 3797 tates,
274 3734 305 3780 et
319 3719 572 3789 dissimilitudines,
588 3729 693 3797 practer
708 3736 767 3787 eas,
786 3734 852 3793 quae
873 3722 940 3772 sunt
955 3711 985 3769 in
1006 3708 1135 3785 margine
1148 3708 1222 3779 libri,
1234 3709 1265 3766 in

175 3814 253 3873 calce
268 3814 426 3893 posuimus,
443 3824 553 3887 etcum
569 3812 622 3879 eis,
638 3810 733 3887 siqua
754 3817 849 3867 errata
870 3822 1021 3883 operarum
1037 3802 1201 3861 humanitus
1214 3801 1265 3860 ad·

174 3908 358 3977 misserunt,
384 3926 485 3967 corum
511 3904 729 3967 emendationes
754 3899 968 3979 conjunximus.
1010 3898 1117 3956 lterum
1138 3895 1212 3966 vale,
1233 3904 1265 3953 et

172 4020 312 4060 nasama.
417 4014 420 4023 ’
