2984 4917
429 327 603 392 ssocxn
624 329 842 395 saffirus.
867 333 931 397 AD
951 334 1060 398 Dlild.¹
1203 336 1289 399 ccxix

383 720 705 802 JUVENTUTI
732 721 1093 802 ACADEMICAE

625 936 843 1000 SALUTEM.

224 1123 379 1187 Αιιαιιοι
395 1125 458 1197 jam
477 1129 603 1200 aguam
616 1119 694 1190 anni,
708 1137 776 1179 cum
793 1117 824 1178 in
845 1118 943 1180 lucem
955 1115 1064 1197 prodiit
1078 1113 1287 1179 Demosthenis

184 1216 359 1276 orationum
373 1212 600 1292 Philippicarum
613 1211 713 1272 Editio
726 1211 827 1284 nitida,
842 1230 930 1291 quam
942 1209 974 1270 in
988 1227 1073 1270 usum
1085 1219 1215 1270 vestrum
1225 1211 1286 1271 duo

183 1307 215 1367 in
228 1309 311 1368 bisce
323 1305 451 1367 AEdibus
464 1305 569 1366 eruditi
581 1303 715 1373 homines
725 1314 929 1382 procurarunt.
970 1299 1043 1362 Ad
1036 1301 1117 1362 otius
1129 1301 1287 1382 multiplici

180 1400 243 1478 jam
254 1398 436 1478 experientia
445 1398 664 1477 comprobatam
677 1415 809 1456 normam
822 1415 888 1459 cum
908 1397 987 1456 hanc
999 1404 1129 1456 nostram
1142 1396 1287 1456 AEschinis

183 1490 451 1570 Demosthenisque
463 1489 637 1552 Orationem
658 1491 824 1550 ἀντιπάλων
843 1489 1012 1550 Editionetn
1027 1488 1211 1551 conformare
1224 1500 1285 1550 sta·

182 1584 313 1655 tuissem,
325 1583 355 1642 in
369 1582 515 1644 nonnuliis
529 1593 628 1644 maren
641 1580 862 1642 deflectendum
875 1581 944 1642 inde
953 1580 1024 1640 milri
1033 1599 1100 1641 esse
1109 1580 1285 1644 existimarit

182 1677 223 1736 de
246 1677 362 1756 quibus,
381 1675 477 1755 deque
498 1674 651 1736 Versionis
674 1674 759 1736 simul
779 1673 869 1752 hujus
890 1671 1092 1752 Notammqua
1112 1673 1226 1736 ιιιιοιιο
1248 1693 1285 1736 ac

180 1777 338 1838 ιιιιιιιιιι,
349 1771 453 1847 paucis
466 1787 519 1828 ros
533 1787 600 1830 esse
612 1767 802 1848 premonitus
811 1766 908 1828 veiim.

221 1859 482 1940 interpretationes
503 1860 605 1920 barum
619 1860 794 1920 Orationem
813 1859 986 1938 insigniores
1000 1856 1113 1920 Latinae
1126 1859 1283 1922 circumie-

179 1963 282 2014 runtur
304 1961 382 2012 tres:
406 1951 516 2022 Wolfii,
538 1949 683 2022 Lambini,
703 1959 733 2009 et
750 1949 901 2010 Editorum
914 1950 1140 2022 oxoniensium,
1154 1951 1282 2014 Fouikes

177 2043 338 2107 etFriend.
378 2043 416 2102 In
435 2043 481 2102 his
496 2041 617 2120 singulis
636 2061 704 2102 cum
723 2041 816 2102 multa
833 2043 1026 2122 reperiantur,
1047 2063 1114 2123 quoe
1131 2045 1202 2104 ad
1188 2057 1285 2128 Justte

178 2135 432 2216 interpretationis
458 2133 576 2194 laudem
601 2133 785 2206 conducunt,
811 2133 909 2213 aliqua
934 2144 1033 2194 tamen
1055 2154 1211 2215 superesse
1231 2136 1280 2197 vel

177 2231 342 2292 lenissimus
360 2247 460 2288 earum
484 2247 581 2287 rerum
598 2225 739 2286 fatebitur
762 2224 929 2287 aestimator.
969 2227 1122 2306 Ingratum
1142 2225 1280 2308 equidem

177 2343 302 2402 semper,
316 2332 347 2383 et
359 2319 500 2382 liberali
492 2318 611 2398 ingenio
624 2319 777 2398 indignum
790 2338 865 2397 opus
878 2329 933 2389 est,
947 2319 1044 2399 siquid
1056 2319 1171 2380 illorum
1185 2321 1279 2390 homi.
1382 2351 1385 2357 .

177 2436 259 2493 num,
273 2414 323 2494 qui
341 2415 370 2474 in
392 2413 497 2474 eadem
518 2423 615 2472 tecum
633 2411 772 2492 palestra
785 2411 976 2482 desudarunt,
999 2412 1179 2492 negligentia
1190 2413 1279 2487 fudit,

178 2507 317 2570 curiosius
332 2517 483 2577 excutere,
496 2515 526 2563 et
540 2503 571 2563 in
583 2504 688 2583 vulgus
701 2504 851 2566 indicare:
873 2503 1003 2564 omnium
1016 2525 1085 2566 vero
1100 2506 1216 2568 minime
1228 2528 1278 2569 me

178 2601 304 2672 deceret,
320 2599 370 2680 qui
384 2598 487 2660 aliene
497 2597 594 2679 potius
607 2597 754 2658 industries
761 2617 851 2677 quam
859 2597 985 2677 proprie
998 2598 1166 2659 eruditionis
1173 2599 1276 2661 fotum

177 2713 358 2774 expromam.
400 2691 531 2752 Sufficiat
540 2689 638 2770 igitur,
648 2690 683 2760 si,
697 2710 763 2769 quse
775 2690 833 2750 sint
845 2689 1142 2771 quatinunoquoque
1154 2691 1277 2752 istorum
1377 2776 1381 2784 ¹

177 2787 373 2866 interpretum
384 2785 558 2854 desiderem,
572 2783 736 2844 summatim
751 2794 782 2842 et
794 2801 885 2862 usqne
895 2801 933 2842 eo
946 2793 1057 2842 tantum
1067 2783 1275 2862 perstrinxero,

177 2881 247 2940 dum
265 2879 339 2940 ratio
353 2877 510 2958 probabilis
531 2874 648 2949 existat,
673 2895 725 2936 cur
744 2875 776 2935 in
793 2875 839 2935 iris
857 2875 1006 2936 vertendis
1028 2875 1134 2938 nullius
1155 2877 1275 2939 demum

175 2973 297 3052 vetigia
309 2993 362 3052 per
376 2973 473 3034 omnia
486 2969 540 3032 sim
553 2981 753 3032 consectatus.

216 3069 266 3128 Ac
286 3065 380 3146 primo
401 3065 588 3126 oxonienses
610 3063 684 3135 illos,
709 3082 833 3144 quorum
857 3063 947 3144 vulgo
972 3061 1177 3143 interpretatio
1197 3063 1275 3126 inter

175 3177 277 3218 manus
290 3160 470 3230 versabatur,
483 3157 726 3218 immoderatioris
744 3168 776 3216 et
788 3157 927 3232 juvenilis
941 3157 1093 3233 cujusdam
1110 3157 1140 3215 in
1154 3176 1275 3218 conver·

174 3251 265 3312 tendo
285 3252 421 3323 licentiae,
436 3263 468 3311 et
482 3251 550 3312 olim
571 3271 591 3312 a
611 3250 790 3311 doctioribus
812 3251 960 3330 plerisque
980 3249 1143 3310 hominibus
1162 3251 1274 3312 arcessi

173 3345 443 3417 animadverteram,
457 3355 487 3404 et
508 3344 571 3423 ipse
585 3363 652 3404 cnm
673 3344 703 3402 in
722 3344 873 3422 hocopus
892 3343 1019 3422 penitius
1042 3339 1271 3422 introspicerem,

172 3458 232 3498 non
245 3439 328 3517 potui
340 3457 399 3497 non
413 3437 589 3498 creberrima
608 3435 751 3498 incusare.
795 3435 875 3496 Dum
893 3437 971 3496 enim
984 3454 1120 3496 numeros
1142 3446 1271 3515 captant,

172 3543 204 3592 et
218 3531 335 3592 dicendi
349 3531 467 3610 lepores
481 3529 660 3590 ambitiosius
673 3538 865 3608 aucupantur,
879 3526 1031 3588 sententiis
1044 3537 1157 3588 tantum
1171 3529 1271 3590 adhe·

169 3636 245 3695 rent,
257 3624 565 3701 verbaverborumque
576 3621 708 3682 ordinem
722 3623 857 3683 servandi
869 3621 1040 3700 religionem
1049 3620 1092 3681 ita
1101 3620 1270 3701 plerumque

171 3727 373 3788 contemnunt,
386 3728 420 3776 ut
433 3715 662 3796 provectioribus
675 3715 794 3793 quidem
803 3715 833 3774 in
845 3715 891 3775 his
905 3714 996 3776 literis
1010 3715 1081 3775 satis
1090 3715 1214 3777 fortasse
1226 3717 1270 3778 fa-

170 3811 259 3882 ciant,
274 3810 312 3869 ad
326 3809 475 3870 radiorum
489 3809 657 3889 Grmoeque
671 3808 847 3869 discentium
859 3828 944 3868 usum
958 3808 1039 3868 haud
1052 3809 1173 3870 multum
1187 3823 1271 3872 certe

169 3903 335 3964 conferant.
375 3901 482 3982 Neque
507 3913 607 3962 tamen
626 3901 657 3960 in
682 3899 818 3962 Auctoris
842 3900 973 3962 sensibus
997 3902 1152 3963 efferendis
1176 3924 1270 3985 usque

169 3998 246 4058 adeo
264 3997 353 4056 iidem
367 3996 575 4056 commendant
594 4015 686 4064 suam,
702 4006 735 4054 ut
755 4013 814 4056 non
833 4004 865 4056 et
877 3995 1046 4075 frequenter
1057 3996 1186 4059 titubare
1206 4020 1268 4072 eos,

167 4091 320 4170 multaque
333 4089 371 4150 ab
385 4089 418 4148 iia
431 4087 598 4150 humanitus
612 4089 761 4150 excidisse
774 4099 940 4168 promptum
954 4089 992 4149 sit
1005 4091 1180 4152 ostendere:
1201 4112 1269 4171 quor

167 4195 266 4244 tamen
284 4184 321 4244 ab
340 4181 403 4242 aliis
417 4181 582 4261 investigari
596 4183 683 4256 malo,
695 4201 784 4262 quam
797 4194 832 4242 ut
842 4183 875 4241 ιιι
887 4182 991 4242 iisdem
1007 4183 1069 4262 ipse
1083 4185 1270 4246 excutiendis

167 4277 312 4358 ingratam
322 4295 443 4356 operam
452 4276 631 4355 impendam.

173 4423 176 4430 .
207 4371 357 4452 Summam
370 4388 441 4430 sane
455 4367 637 4447 religionem,
650 4367 719 4428 mihi
734 4369 906 4431 nemetiam
927 4369 1112 4430 immodicam
1126 4369 1163 4430 ad
1177 4369 1267 4430 inter·

165 4463 339 4544 pratandum
352 4461 483 4524 attulisse
497 4461 614 4530 videtur¹
628 4461 718 4526 iidem
736 4463 938 4544 Hieronymus
959 4461 1093 4522 Woiiius.
1136 4463 1268 4542 Diligens
