2984 4917
223 304 316 371 st·-
480 290 482 295 '
586 253 1016 371 nrsnonunrwousrr

147 520 149 525 .
221 468 288 526 tore
312 462 462 543 consequi,
482 462 624 541 quamsit
647 462 779 533 arduum,
802 479 841 521 err
866 479 903 522 eo
926 466 1058 541 apparet,
1079 454 1161 536 quod
1180 454 1215 517 ln
1233 459 1317 514 unta

220 574 327 638 graecae
345 556 452 635 lingue
472 555 662 634 interpretum
683 572 805 615 numero
823 574 909 616 nemo
928 552 1072 614 hactenus
1092 554 1187 609 totum
1204 546 1316 608 Demo·-

208 649 355 710 'sthenem
371 646 598 709 convertendum
617 649 762 727 suscepit:
787 646 835 707 alii
856 644 979 729 professi
999 642 1101 706 nescio
1118 637 1189 722 qnid
1209 641 1318 720 (neque

222 740 297 801 enim
311 752 371 801 tam
381 738 470 801 facile
480 752 524 801 est
535 752 673 821 prestare
684 758 800 819 magna,
814 760 900 820 quam
910 736 1053 821 polliceri)
1062 734 1255 796 montanos:
1268 730 1317 793 uhi

223 854 259 894 aa
273 834 436 905 ediderunt,
452 852 519 914 quae
533 834 629 915 qualis
642 833 707 904 sint,
722 831 842 893 aliorum
857 845 922 893 esto
933 830 1086 908 judicium.
1117 826 1224 907 Neque
1238 824 1316 887 enim

220 924 291 985 mihi
305 926 486 1006 pmpositum
502 938 557 999 est,
572 938 739 1006 quenquam·
749 927 794 985 vel
809 928 898 987 tacita
911 922 1089 1004 cogitatione
1103 921 1316 1002 perstringere:

221 1018 342 1079 laudare
356 1018 472 1098 quidem
483 1036 543 1089 eos,
559 1018 646 1099 quiin
661 1018 770 1098 aliquot
782 1018 959 1079 orationibus
972 1012 1153 1096 explicandis
1166 1011 1317 1093 egregiam

220 1128 341 1191 operam
355 1124 508 1184 naverunt,
528 1130 675 1191 cuperem,
690 1111 853 1192 etquidem
872 1131 925 1192 pro
944 1110 1040 1171 olllcio
1054 1108 1202 1179 deberem,
1217 1106 1266 1186 qui
1286 1106 1317 1165 id

220 1202 323 1283 ipsum,
345 1203 424 1283 quod
445 1222 502 1281 ego
525 1222 589 1262 sum
608 1215 739 1276 conatus,
760 1204 784 1264 si
802 1204 921 1275 vellent,
941 1204 1031 1281 longe
1052 1198 1228 1261 luculentius
1241 1192 1317 1279 pne&

220 1308 343 1368 starent,
357 1296 410 1356 nisi
425 1296 626 1357 assentationis
643 1296 838 1376 suspicionem
858 1294 1106 1378 pertimescerem.
1141 1288 1236 1353 Nune
1249 1291 1318 1353 durh

221 1390 270 1449 alii
291 1390 337 1447 vel
354 1400 478 1459 cessant,
500 1388 546 1448 rel
567 1408 634 1469 quaa
654 1390 838 1470 scripserunt,
862 1388 977 1450 Horatii
998 1386 1091 1449 secuti
1107 1386 1268 1456 consilium,
1286 1376 1318 1445 ih

220 1500 338 1541 nonum·
355 1500 462 1562 suumn
478 1492 626 1561 premunt,
647 1484 776 1543 laborem
797 1485 876 1543 hunc
896 1480 1006 1562 imponi
1028 1480 1099 1541 mihi
1119 1497 1220 1559 passus
1242 1489 1318 1551 sum,

221 1572 325 1652 partim
335 1572 527 1645 hortantibus,
538 1574 644 1654 partim
657 1589 826 1655 susceptum
841 1596 912 1659 opqs
927 1570 1165 1654 approbantibus,
1174 1588 1235 1631 non
1245 1582 1318 1651 pau'·

220 1666 273 1725 cis·
286 1665 416 1726 eruditis.
456 1666 525 1728 Non
547 1670 682 1749 equidem
703 1688 766 1729 sum
787 1668 916 1729 omnium
936 1664 1153 1737 audacissimus,
1173 1682 1231 1723 neo
1251 1663 1317 1724 sine

220 1760 300 1817 omni
308 1758 516 1822 deliberatione
529 1774 561 1823 et
571 1763 671 1822 virium
685 1780 814 1821 meamm
828 1760 1020 1821 aestimatione
1033 1770 1145 1820 tantum
1161 1776 1234 1838 opus
1250 1774 1316 1817 sum

219 1868 376 1929 aggressm
389 1862 460 1933 (quo
470 1856 539 1934 quid
554 1864 644 1933 queat
658 1872 722 1914 esse
734 1853 879 1932 turpiusi)
893 1860 944 1912 aut
956 1872 1004 1914 me
1022 1870 1111 1912 unum
1126 1850 1156 1911 id
1171 1846 1316 1911 efficiendi

220 1944 390 2005 t'ueultatem
414 1948 522 2006 habere
544 1946 666 2016 credidi,
687 1946 796 2025 dequo
818 1947 983 2025 complures
997 1946 1212 2025 desperassent.
1255 1942 1316 2004 seo

220 2038 335 2099 duabus
347 2040 494 2117 praecipue
509 2039 596 2098 rebus
609 2039 701 2099 fretus
714 2039 774 2098 fui:
787 2038 941 2099 tolerantia
953 2039 1095 2107 laborum,
1109 2037 1213 2116 quibus
1223 2036 1253 2095 in
1267 2034 1319 2095 ho-

218 2141 310 2189 nesto
317 2130 466 2209 proposito
476 2150 535 2189 non
549 2130 636 2191 facile
646 2133 839 2193 succumbere
850 2132 950 2192 soleo:
965 2140 996 2192 et
1008 2130 1150 2191 mediocri
1159 2128 1317 2189 multorun't

220 2238 361 2281 annorum
382 2224 607 2303 grsecsalinguae
628 2244 680 2285 usu
697 2236 728 2285 et
746 2225 962 2285 exercitatione.
1003 2224 1151 2284 Praeterea
1171 2220 1239 2281 mibi
1255 2220 1318 2282 De·

220 2314 405 2375 mosthenem
418 2316 573 2394 legenti'et
586 2317 691 2396 saepius
704 2319 846 2397 relegenti
856 2336 915 2377 non
924 2328 1038 2378 tentum
1051 2318 1147 2377 inesse
1161 2312 1317 2376 difficulta-

217 2406 429 2479 deridebatur,
444 2420 583 2487 quantum
596 2411 908 2491 pleriquepersussum
921 2411 1080 2472 haberent:
1095 2422 1125 2470 et
1138 2408 1163 2468 si
1173 2426 1231 2489 qua
1244 2406 1318 2468 diffi-

217 2500 314 2559 eultas
328 2510 415 2572 esset,
427 2520 492 2561 eam
503 2503 633 2582 pendere
644 2505 746 2583 partim
757 2506 795 2564 ab
810 2505 991 2583 ignoratione
1001 2504 1109 2584 linguoe
1119 2520 1233 2583 gruecoe,
1250 2519 1317 2583 quse

217 2596 279 2667 jsrn
293 2596 469 2653 non-autoris
481 2597 566 2675 culpa
577 2609 629 2668 est,
644 2598 698 2657 sed
716 2597 852 2658 lectoris:
871 2596 976 2677 partim
989 2598 1026 2657 ab
1041 2615 1098 2658 exe
1126 2596 1315 2677 mplsriume·

220 2686 400 2763 pras-atione,
415 2688 522 2766 deque
533 2708 587 2749 nos
600 2708 715 2769 quoque
726 2710 786 2749 non
799 2690 902 2766 injuria
913 2692 1127 2771 conquerimur.
1159 2688 1316 2751 Nemeum

220 2788 366 2841 oratorem
380 2780 460 2841 huno
473 2782 658 2841 nostrumsio
674 2794 753 2843 certe
763 2781 842 2862 loqui
862 2784 1033 2864 oportuerit,
1048 2795 1080 2843 ut
1095 2803 1113 2844 a
1130 2782 1316 2855 cerdonibus,

220 2888 245 2930 u·
254 2872 359 2941 nautis,
370 2874 407 2933 ab
422 2873 557 2953 agricolis
568 2874 635 2956 (hoe
649 2874 724 2935 anim
740 2880 803 2953 ejus
816 2876 872 2937 fuit
885 2875 1070 2954 auditorium)
1084 2874 1315 2956 intelligereturr

220 2966 331 3043 putaui,
352 2986 410 3039 me,
428 2987 594 3048 quanquam
607 2969 636 3028 in
657 2971 754 3031 media
773 2972 933 3032 Germania
949 2984 1060 3043 natum,
1080 2971 1195 3030 assirim
1216 2982 1316 3030 tamen

222 3062 394 3135 optimorum
415 3081 519 3138 groecre
538 3060 646 3139 linguae
663 3064 837 3142 scriptorum
852 3064 981 3124 lectione
991 3064 1022 3122 id
1037 3084 1101 3123 esse
1115 3075 1315 3136 consecutum,

222 3160 256 3207 ut
270 3148 485 3211 Demosthenes
500 3153 596 3231 (toties
607 3156 763 3231 presertim
780 3154 918 3229 relectus)
928 3155 1019 3213 nihilo
1033 3154 1101 3212 mihi
1116 3166 1195 3213 esset
1210 3157 1318 3216 ohscu-

219 3242 290 3312 rior,
305 3262 391 3322 quam
411 3244 495 3305 alicui
509 3245 691 3318 naviculario,
705 3258 757 3306 aut
776 3246 895 3315 rustico,
910 3248 959 3325 qui
971 3247 1124 3325 quotannis
1143 3264 1209 3306 eum
1225 3249 1316 3311 semel

110 3414 115 3425 ἱ
218 3338 424 3415 atqueiterum
445 3356 497 3417 pro
512 3338 653 3401 concione
672 3340 818 3401 dicentem
839 3339 997 3401 oscitanter
1009 3338 1176 3399 audivisset.
1216 3338 1262 3400 Ea
1275 3354 1318 3403 ta·

220 3450 288 3491 men
303 3433 418 3512 excipio
432 3434 563 3494 institute
578 3447 719 3505 veterum,
732 3434 770 3494 de
784 3432 886 3514 quibus
899 3433 970 3491 nihil
981 3433 1052 3491 certi
1070 3434 1155 3491 nobis
1166 3444 1211 3493 est
1224 3434 1315 3495 tradi·

219 3534 283 3583 tum
293 3549 310 3595 ς’
323 3536 354 3585 et
368 3524 498 3586 codicum
514 3528 643 3599 mendas,
658 3546 725 3606 quae
739 3538 819 3586 certe
839 3526 993 3585 maximam
1015 3524 1190 3587 difficultatis
1204 3527 1316 3607 opinio-

221 3636 288 3677 nem
307 3632 492 3700 pepereruut.
534 3620 599 3700 Ego
614 3638 683 3681 uero
703 3620 740 3679 ad
764 3638 827 3680 earn
848 3618 1227 3700 superandamquibusdam
1246 3622 1315 3679 arti·

222 3711 275 3769 bus
289 3732 352 3771 sum
367 3732 445 3785 usna,
455 3714 559 3793 quibus
575 3734 620 3772 me
634 3712 795 3795 proiecisse
806 3712 914 3791 aliquid
925 3712 1070 3772 existimo.
1105 3714 1173 3773 Una
1182 3712 1248 3771 hunc
1259 3724 1314 3783 est,

220 3806 301 3883 quod
320 3806 389 3865 mihi
408 3820 466 3867 nou
487 3808 659 3887 persuadeo,
682 3824 729 3866 me
749 3807 904 3886 quiequam
926 3805 1011 3878 seire,
1025 3804 1103 3886 quod
1116 3804 1234 3868 nescio:
1256 3824 1316 3884 quo

219 3900 290 3959 vitio
311 3900 403 3973 multi,
421 3900 475 3961 nisi
497 3901 618 3960 multum
639 3900 734 3972 fallor,
754 3913 784 3961 et
802 3919 856 3959 suo
877 3910 907 3958 et
927 3900 1049 3959 aliorum
1071 3897 1148 3958 malo
1170 3898 1315 3959 laborant.

221 3991 319 4051 Locos
340 3994 428 4073 igitur
448 3992 599 4073 ambiguos
614 4005 644 4055 et
660 3994 764 4053 dubios
778 3992 807 4051 in
823 4012 938 4052 omnem
952 4010 1036 4052 uerso
1047 4002 1169 4071 partem,
1184 4003 1215 4053 et
1228 3996 1315 4073 quatri

219 4087 411 4146 attentissime
433 4106 501 4147 cum
520 4099 584 4147 toto
598 4106 706 4166 genere
722 4086 958 4148 Demosthenioae
974 4086 1125 4158 orationis,
1139 4087 1316 4169 aliorumque

220 4182 362 4240 bonorum
376 4193 509 4242 sutorum
524 4198 677 4261 comparo:
700 4180 854 4261 diligenter
866 4180 990 4261 inquiro,
1004 4200 1041 4240 au
1055 4180 1151 4260 aliqua
1161 4182 1250 4241 rerba
1264 4178 1317 4244 de'·

220 4276 288 4347 sint,
307 4276 478 4349 redundent,
493 4276 593 4336 vitiata
613 4275 679 4345 sint,
702 4288 753 4336 aut
775 4276 967 4355 transposita:
987 4274 1011 4333 si
1034 4274 1119 4354 plura
1141 4274 1317 4355 exemplsrib

220 4368 330 4429 hebere
345 4390 472 4450 possum,
495 4370 632 4431 confero:
652 4371 775 4448 siquem
796 4367 894 4429 locutu
909 4368 946 4427 ab
959 4366 1022 4427 uliib
1043 4366 1172 4436 citatum,
1187 4364 1315 4427 declara·

208 4475 292 4535 'tum,
308 4477 360 4524 aut
373 4481 545 4527 conversum
559 4476 623 4525 ease
644 4462 770 4533 memini,
785 4462 915 4522 consulo.
958 4460 1059 4538 Atque
1072 4458 1102 4518 in
1121 4458 1179 4519 hsc
1197 4460 1314 4538 quidem
