2984 4917
483 352 547 435 sn
568 368 920 437 nanosrnnnsor.
1155 377 1246 440 asa

141 558 198 615 μην
215 530 418 593 illustrandam
440 510 497 591 sibi
511 530 627 611 putavit
644 527 783 593 Clemens
801 530 888 594 Aiax.
907 529 1060 613 poetarum
1080 536 1245 612 graecorum

140 622 286 703 uersibus,⁴
295 624 318 684 l.
331 629 361 687 5.
384 622 522 685 stromat.
535 637 633 705 σχῆμα
647 621 777 707 dportrdv
787 636 889 686 mutuo
902 626 1056 687 suntuna
1067 623 1246 709 Thucydide

141 716 236 780 Clem.
251 716 339 780 Alex.
1216 712 1221 725 ⁸
1252 782 1256 802 1

177 810 301 893 Olymp.
312 808 395 872 CiV.
407 815 434 870 l.
445 818 522 871 anno
531 810 626 871 setatis
634 810 724 871 Dem.
735 809 782 876 lt.
793 812 903 893 praetor
914 810 1105 876 Timocrates.
1117 812 1243 896 Diony's.

137 900 176 963 ad
193 902 361 963 Ammaeum
371 900 420 961 'ait
437 900 496 962 hoc
513 919 591 963 anno
610 900 759 965 decimum
777 904 935 984 septimum
953 904 1051 965 etatis
1068 924 1177 966 annum
1198 908 1243 967 in*

137 1009 273 1074 gressum
285 994 387 1057 luisse.
402 1011 494 1056 annos
506 1006 594 1055 natus
608 1006 720 1075 septem
737 1008 850 1077 patrem
864 996 970 1059 amisit.
985 998 1092 1059 decem
1106 1018 1197 1060 annos
1210 1002 1243 1061 in·

136 1090 231 1151 tutela
242 1090 308 1150 luit.
324 1110 351 1151 c.
368 1088 487 1169 Aphob.
501 1088 528 1149 1.
543 1088 584 1150 11.
599 1088 658 1152 ΙΙΙ.
674 1094 701 1151 c'.
716 1090 880 1151 Onetorem
894 1091 919 1151 1.
935 1090 978 1152 11.
992 1090 1124 1153 actiones
1137 1094 1241 1153 tnteha

135 1183 308 1265 irstpcruol
326 1184 420 1259 λόγοι.
462 1180 579 1242 schotti
598 1180 745 1263 paralleloe
763 1181 802 1244 ad
816 1184 846 1244 h.
860 1203 888 1245 a.
911 1182 984 1244 Geta
1002 1182 1077 1245 witti
1099 1183 1133 1244 le
1154 1184 1244 1261 could.

136 1274 177 1334 ll.
190 1294 218 1336 c.
233 1274 371 1336 Midiam.
395 1274 548 1337 Plutarch.
572 1274 602 1334 in
622 1276 692 1337 vita.
720 1274 793 1336 Geta
819 1278 868 1336 bat
888 1278 970 1340 little.
990 1275 1032 1337 N.
1057 1296 1084 1339 c.
1106 1275 1243 1338 Midiam.

138 1366 210 1441 Gcts
225 1368 271 1428 tle
285 1372 375 1427 letter
387 1370 444 1428 aad
451 1368 597 1428 sanitatis
603 1370 728 1447 penalty.
752 1368 855 1432 lsidor.
871 1370 964 1453 Epist.
979 1368 1059 1433 Plut.
1070 1372 1108 1432 de
1119 1371 1158 1432 X.
1168 1382 1243 1432 orat.

137 1454 319 1542 Stephanus,
331 1461 415 1522 testis
434 1456 657 1533 Demosthenis,
671 1460 736 1523 falsi
755 1462 913 1524 testimonii
929 1474 1081 1525 accusatus
1095 1483 1114 1525 a
1127 1464 1242 1525 Demo·

136 1552 248 1613 sthene
270 1550 434 1615 defenditur
447 1554 477 1614 in
491 1553 578 1613 tertia
592 1565 696 1614 contra
717 1552 890 1635 Aphohum.
932 1554 1100 1635 Stephanus
1113 1556 1242 1639 quidam,

136 1656 233 1725 poeta
241 1646 377 1721 comicus,
393 1664 412 1706 a
424 1644 628 1707 Demosthene
642 1644 761 1705 civitate
772 1646 908 1707 donatus.
949 1649 1066 1708 Aumor
1078 1659 1242 1730 anonymus

135 1738 254 1818 praesat
271 1739 310 1799 ad
324 1740 563 1819 Aristophanem.
603 1736 822 1799 Demosthenes
838 1738 900 1817 agit
916 1739 993 1798 hanc
1012 1758 1130 1800 causam
1144 1764 1241 1821 perpu-

138 1834 255 1891 κύλλιον
276 1835 317 1891 ὢν
336 1830 445 1917 κομιδῇ.
458 1852 486 1891 c.
508 1828 642 1896 Midiam.
658 1850 686 1889 v.
700 1828 791 1890 Petit.
811 1828 877 1889 LL.
898 1830 963 1892 ΑΑ.
985 1831 1024 1891 de
1044 1841 1132 1893 aetate
1153 1832 1244 1895 Dens.
1343 1836 1347 1843 “

137 1919 235 1999 Hujus
257 1922 382 1983 achoms
401 1942 456 1983 usu
470 1917 588 1982 dicenffi
601 1921 754 1983 audaciam
770 1934 957 1985 consecutus.
1000 1921 1050 1985 Oh
1070 1944 1184 1985 monim
1208 1944 1239 1985 a·
1307 1950 1313 1955 ·

136 2014 305 2094 speritatem
326 2025 357 2074 et
376 2013 516 2075 ferociam
537 2012 567 2072 in
587 2011 643 2073 hac
664 2034 763 2088 causa,
785 2014 882 2076 dictus
894 2012 1016 2094 'Ap-sdr-
1061 2007 1144 2077 Suid.
1159 2014 1241 2081 Pl'ut.

139 2103 239 2169 Βοὴ.
254 2128 282 2169 c.
298 2106 432 2188 Ctesiph.
447 2108 481 2194 dc
488 2104 596 2166 παίδων
607 2108 864 2188 ἀπαλλαττόμενος
873 2118 931 2169 etc.
939 2105 1061 2190 Ἀγραν
1071 2108 1146 2189 legit
1152 2109 1243 2170 Isam'·

137 2194 223 2261 binus
243 2200 282 2261 ad
304 2199 410 2261 Horat.
433 2200 494 2260 Od.
517 2196 558 2259 11.
583 2204 629 2263 19.
654 2222 682 2261 v.
708 2197 800 2261 Brod.
823 2200 952 2262 Miscell.
970 2200 994 2263 1.
1018 2203 1068 2263 20.
1091 2199 1241 2264 Mausssc.

137 2312 166 2373 p.
183 2288 235 2356 83.
256 2292 409 2354 Manssaoi
435 2290 613 2369 Lectionum
636 2283 680 2356 ll.
706 2288 755 2356 15.
775 2305 865 2375 caput
888 2304 951 2355 erat
974 2295 1011 2354 ds
1032 2296 1240 2357 scommatrhus

138 2382 285 2449 AEschinis
303 2396 335 2446 et
349 2383 567 2447 Demosthenis.
581 2408 609 2448 s.
624 2386 745 2447 eumad
760 2386 907 2468 Harpocr.
928 2386 1047 2468 Ἀργάς.
1061 2409 1089 2449 v.
1104 2382 1241 2470 Hesych.

137 2476 267 2560 serpens.
290 2480 443 2541 Plutarch.
465 2477 626 2543 NJcander.
642 2477 804 2541 Homerus.
823 2482 937 2562 Ἀργᾶς
950 2490 1048 2560 poeta.
1069 2481 1223 2545 Plutarch.

160 2574 284 2647 ‚Factus
306 2571 483 2633 trierarchus
502 2573 580 2634 circa
601 2570 724 2655 Olymp.
746 2571 828 2635 cvl.
845 2577 876 2635 2.
890 2593 918 2633 v.
940 2571 1058 2655 Ulpian.
1074 2574 1114 2653 ad
1129 2580 1157 2636 1.
1171 2574 1242 2637 Phi‘-

136 2663 203 2747 lipp.
214 2666 262 2726 vel
276 2664 375 2746 potius
388 2664 509 2747 Olymp.
522 2666 587 2727 CV.
602 2662 631 2727 3.
643 2686 711 2726 narn
721 2664 754 2725 id
765 2664 889 2745 contigit
900 2666 930 2725 in
944 2666 1024 2726 bello
1036 2664 1181 2739 Euboico,
1196 2688 1244 2730 res

136 2770 234 2819 autem
249 2756 393 2818 Euboicas
407 2758 486 2819 circa
498 2758 584 2819 istam
598 2758 821 2839 Olympiadem.
836 2780 865 2819 v.
881 2758 996 2818 Schott
1011 2760 1051 2819 ad
1065 2760 1114 2820 01.
1131 2762 1196 2823 CV.
1212 2751 1242 2824 d.

136 2848 224 2912 Dem.
245 2870 289 2911 or.
303 2870 329 2913 c.
346 2850 471 2911 Midiam
486 2861 516 2911 et
530 2850 674 2912 Aristocr.
688 2870 718 2931 p.
732 2856 803 2913 403.
820 2850 866 2912 ed.
883 2844 976 2910 Paris.
997 2850 1051 2910 sed
1064 2872 1162 2930 quaere
1177 2854 1242 2933 quis

135 2962 328 3005 eamcausam
338 2942 440 3023 egerit.
450 2962 478 3003 r.
490 2941 555 3004 Nos
566 2942 682 3004 adedit.
692 2942 817 3003 Parisin.
831 2941 915 3021 [nihil
924 2940 966 3002 ibi
975 2942 1072 3023 reperi
1080 2944 1243 3024 scriptum]

136 3034 267 3118 Epulum
285 3034 373 3097 tribui
393 3031 526 3116 praehuit.
559 3036 761 3097 Panathenaea
780 3034 928 3094 instruxit.
959 3034 1074 3114 Populo
1093 3038 1242 3098 triremem

135 3127 232 3191 dedit.
246 3148 287 3190 or.
309 3149 337 3189 c.
359 3122 494 3189 Midiam.
517 3126 714 3189 Cherrhones.
734 3129 772 3188 de
795 3128 923 3189 Corona.
937 3124 1042 3187 AEsch.
1063 3145 1090 3188 c.
1105 3123 1239 3211 Ctesiph.

135 3220 356 3301 Thrasyiochus
374 3216 465 3281 frater
479 3214 592 3282 Midias
606 3240 649 3281 or.
663 3238 690 3281 e.
705 3212 783 3280 Min.
798 3239 826 3280 c.
842 3218 1013 3299 Aphohum.
1027 3214 1133 3284 Libas.
1148 3222 1180 3282 in
1193 3242 1240 3284 ar·

134 3324 215 3403 gum.
239 3309 365 3394 Philipp.
387 3311 425 3375 de
446 3312 595 3375 Antidosi.
640 3311 793 3372 Antidosis
812 3316 924 3391 argum'.
945 3306 985 3371 ad
1006 3310 1106 3391 Lysim
1121 3329 1164 3375 or.
1183 3315 1240 3377 tv,

134 3408 299 3488 Pplagorns
314 3406 415 3465 AEsch.
429 3424 456 3465 o.
473 3404 605 3487 Ctesiph.
620 3403 657 3465 de
670 3404 728 3465 isto
742 3404 916 3484 magistratu
930 3403 1030 3465 Schol.
1050 3402 1178 3467 ineditus
1198 3404 1239 3470 sd

134 3498 306 3561 Phdostrati
321 3498 438 3572 leonas,
456 3498 529 3559 item
550 3496 655 3559 Suidas
675 3509 706 3559 et
727 3498 877 3578 Harpocr.
891 3507 954 3555 van·
968 3495 1055 3557 Dale.
1073 3518 1102 3577 q.
1123 3498 1238 3562 Corsln'.

133 3594 169 3652 ln
183 3592 244 3653 hoc
258 3593 431 3671 magistratu
441 3590 574 3671 pecuniis
589 3590 628 3650 ab
643 3589 899 3670 Amphissensrhus
910 3599 1076 3668 corruptus.
1098 3587 1195 3652 AEach.
1211 3613 1239 3655 c.

134 3684 216 3747 Ctesi
235 3684 268 3743 h.

173 3704 297 3857 Olypmp.
314 3774 396 3837 CV1.
410 3780 499 3837 mast.
511 3774 660 3841 vemat.
684 3771 867 3836 Callistratus
879 3784 998 3854 praetor.
1019 3770 1237 3843 Demosthenes

133 3876 200 3934 loro
214 3892 248 3932 se
263 3872 346 3932 dedit
360 3882 390 3931 et
402 3870 533 3952 publicas
546 3890 650 3933 causas
663 3880 791 3931 tractare
806 3870 903 3950 coepit.
918 3887 960 3928 sc.
973 3882 1000 3927 c.
1014 3866 1236 3948 Androtionem

131 3980 166 4028 et
180 3962 396 4044 Timocratem,
410 3962 476 4027 adv.
491 3960 659 4045 Leptinem.
673 3978 702 4043 q.
717 3964 870 4041 Dionysus
882 3964 956 4022 'orans
975 3962 1024 4018 tat
1040 3964 1085 4021 tis
1092 3966 1166 4041 first
1182 3969 1239 4028 und

129 4060 176 4119 the
188 4057 254 4118 inat.
298 4059 486 4143 Argumenta
499 4066 607 4119 nostra.
629 4045 709 4117 Gell.
722 4055 790 4115 XV.
801 4055 852 4115 28.
871 4053 998 4133 Dionys.
1009 4050 1234 4132 adAmmoeum,

127 4154 170 4213 ait
184 4148 354 4211 Callistrato
365 4161 488 4231 praetore
496 4160 545 4210 set.
553 4150 643 4210 Dem.
654 4154 704 4211 25.
725 4149 913 4210 rescribald.
925 4147 1036 4209 antii.
1058 4147 1234 4213 Plutarchus

128 4264 197 4305 eum
206 4244 255 4304 'ait
267 4254 328 4304 tres
342 4242 499 4314 orationes,
515 4242 645 4304 Androt.
660 4240 788 4303 Timocr.
803 4251 833 4302 et
843 4240 985 4301 Aristocr.
998 4238 1147 4321 scripsisse
1156 4244 1234 4305 anno

128 4340 180 4403 27.
194 4334 243 4397 sel
256 4332 307 4398 28.
324 4336 438 4396 advers.
452 4336 609 4418 Leptinem
624 4354 700 4395 anno
714 4338 828 4423 astla.
850 4334 938 4394 Phot.

168 4428 291 4511 Olymp.
314 4428 395 4490 CVI.
417 4434 446 4491 3.
461 4420 516 4489 ¹aet.
537 4429 626 4490 Dem.
647 4433 697 4490 28.
728 4428 841 4489 Praetor
861 4426 1020 4488 Dictimus.
1051 4425 1176 4488 Diodor.
1203 4440 1234 4492 et

127 4522 283 4583 Dion-H.
297 4518 365 4606 lert.
386 4524 541 4602 Δημόνικος
556 4524 571 4581 ὁ
585 4524 697 4603 pharia.
718 4522 807 4582 Dem.
828 4519 866 4580 de
880 4536 1000 4580 corona.
1021 4518 1071 4579 De
1084 4518 1236 4584 elassibus.

171 4644 252 4688 V01«.
267 4644 291 4688 1.
693 4648 710 4685 r
