2984 4917
207 298 255 359 sir
338 296 440 357 ALDl
461 294 654 357 MANUTII
675 294 809 357 PRAEr.
830 296 894 355 AD
915 294 1023 357 DEM.
1044 294 1178 359 SUUM.

91 478 93 483 ·
208 450 325 511 eunium
339 449 516 509 desideranti
537 448 589 511 tibi
610 448 757 511 orationes
776 451 995 524 Demosthenis,
1013 451 1156 513 hrcaisue
1168 448 1311 511 tufam

206 552 252 605 tas
270 560 336 602 mea
348 560 419 601 cura
437 541 652 621 publicaturum
673 543 784 621 recepi.
824 543 887 603 Sed
897 555 945 605 tot
957 544 990 603 id
1001 544 1072 603 milri
1083 543 1209 604 tentanti
1225 542 1310 604 acciu

207 636 314 695 derunt
327 633 544 713 impedimenta,
556 644 589 693 ut
597 654 730 715 persoepe
740 636 849 695 excudi
860 646 975 715 coeptas
982 634 1195 707 intermiserim,
1206 636 1308 700 Certe·

207 724 347 785 romacho
356 723 444 785 etism
455 736 556 785 nostro
566 725 729 787 demiraute
731 726 880 806 ,illudque
894 725 1311 806 Juvenalissuperepeteute,
1339 716 1348 723 ’

207 816 273 877 Diis
286 816 336 875 ille
350 816 478 877 adversb
488 817 601 896 genitus
611 816 730 896 satoque
743 818 870 890 sinistro,
881 817 1309 925 cometiamadmodumquam

206 927 302 989 pauca
316 928 417 969 earum
430 908 593 971 orationum
612 910 749 991 exempla
767 910 961 991 imprimenda
975 910 1146 983 curaverim,
1158 910 1249 990 idque
1258 929 1309 970 co·

206 1010 299 1071 actus,
310 1001 430 1080 quodie
440 1001 521 1061 nullo
532 1012 600 1061 ante
614 1002 722 1063 accidit
732 1003 879 1063 volumine
892 1022 1005 1063 esmsso
1016 1000 1047 1063 iu
1060 1002 1182 1063 flammis
1192 1001 1309 1063 nestris.

208 1096 339 1159 Quorum
360 1093 486 1153 omnium
505 1105 549 1153 est
564 1094 633 1153 mihi
648 1094 773 1201 optimus
787 1096 872 1155 testis
885 1094 1022 1173 Angelus
1034 1095 1209 1155 Clesbdelus
1219 1094 1310 1174 paui.

207 1188 270 1247 cius
285 1188 426 1256 Venetus,
449 1186 666 1247 excellentis'
642 1207 684 1247 vrr
699 1188 819 1265 ingenii,
833 1187 906 1246 etin
919 1198 1043 1263 utraque
1060 1188 1161 1265 lingua
1173 1186 1312 1250 doctissin

207 1300 281 1349 urus,
296 1279 560 1359 Demosthenisque
574 1278 810 1350 studiosissimus,
823 1278 872 1356 qui
888 1297 907 1336 a
919 1297 967 1337 me
980 1278 1038 1338 boc
1052 1296 1126 1356 opus
1139 1278 1312 1356 quotidiano

207 1374 282 1443 fere,
297 1358 330 1430 ut
342 1372 383 1431 ait
397 1371 455 1442 ille,
470 1372 611 1441 convicio,
626 1382 658 1429 ut
668 1376 730 1446 jam
744 1368 950 1431 excudendum
963 1388 1106 1440 curarem,
1120 1368 1309 1448 elllagiw

209 1466 384 1543 Quanquam
397 1474 427 1524 et
441 1464 513 1523 illud
523 1463 777 1524 sersassevidetur
788 1462 916 1534 fortuna,
930 1474 974 1536 ut,
985 1462 1231 1542 quemadmodum
1237 1463 1311 1525 felix

208 1556 258 1615 ille
278 1574 392 1634 semper
412 1553 469 1614 suit
490 1555 670 1633 eloquentia,
696 1566 728 1617 et
745 1555 911 1617 aeternitate
930 1556 1107 1637 scriptorum
1125 1576 1254 1629 suorum,
1268 1557 1312 1619 ita

208 1646 319 1720 nescio,
333 1646 478 1727 quomodo
491 1648 702 1727 pulcherrimus
715 1650 763 1709 hic
776 1651 851 1709 liber
862 1638 1002 1721 omnium,
1014 1669 1089 1727 quos
1101 1650 1312 1729 imprimendas

208 1742 254 1801 rel
269 1740 358 1801 latine
371 1740 419 1799 vel
433 1761 530 1819 graece
544 1742 719 1811 curavimus,
735 1742 798 1802 exit
810 1741 842 1799 in
854 1741 1003 1819 publicum
1016 1759 1056 1799 ex
1071 1741 1182 1801 aedibus
1191 1742 1311 1803 ommim

179 1888 180 1893 ,
209 1834 406 1901 Quamobrem
425 1834 449 1893 si
470 1835 561 1895 serius
579 1835 616 1893 ad
631 1844 659 1891 te
672 1833 763 1902 venit,
779 1850 866 1911 quum
879 1843 911 1891 et
924 1843 958 1891 tu
968 1833 1098 1905 volebas,
1111 1845 1143 1893 at
1154 1834 1218 1913 ipse
1232 1835 1310 1896 desi·

209 1930 358 2000 derabam,
381 1948 440 1988 non
465 1926 533 1987 mihi
557 1924 644 1985 velim
667 1924 805 2003 imputes,
829 1924 883 1984 sed
905 1924 1117 1987 Demosthenis
1138 1927 1306 2002 Monumo,

196 2044 296 2101 ,quem
310 2042 423 2081 summo
438 2039 505 2079 cum
525 2018 625 2077 labore
639 2030 670 2077 et
690 2018 831 2079 industria
843 2017 959 2091 fecisse,
974 2040 1040 2099 quae
1053 2021 1132 2093 fecit,
1146 2021 1254 2095 omnia,
1268 2023 1310 2082 la·

209 2115 315 2191 gimus.
357 2114 469 2172 Rursus
495 2110 693 2192 pulcherrimis
722 2110 943 2171 characteribus
967 2124 998 2173 et
1022 2132 1165 2193 perquam
1191 2113 1312 2187 decenti

209 2206 314 2277 forma,
323 2205 495 2284 habituque,
509 2224 638 2265 necnon
651 2203 902 2281 casugatioimus,
915 2204 977 2265 exit
990 2205 1020 2263 iu
1032 2224 1135 2265 manus
1147 2204 1309 2278 bominum,

178 2278 184 2299 ⁹
210 2303 247 2364 sic
257 2302 327 2359 surh
340 2304 392 2369 τήν
403 2301 638 2374 παλιγγενεσίαν,
645 2288 709 2355 ¹non
722 2306 822 2357 temen
834 2298 986 2358 industriae
996 2310 1114 2371 nostroe,
1125 2298 1179 2357 sed
1188 2298 1312 2359 assiduis

210 2388 287 2449 curis
297 2388 456 2459 adscribas,
471 2408 558 2467 quam
573 2388 648 2447 illius
660 2389 773 2467 gratiae,
785 2401 817 2449 et
826 2389 969 2462 felicitati,
983 2408 1195 2469 quamsemper
1208 2390 1239 2449 in
1249 2391 1312 2451 suis

208 2481 311 2540 babuit
332 2481 592 2542 lucubrationibus.
634 2482 699 2541 Has
722 2500 794 2541 vero
817 2482 1029 2544 Demosthenis
1053 2483 1206 2555 oratioms,
1228 2484 1311 2544 Clari

210 2573 385 2649 doctissime,
393 2574 502 2634 nomini
513 2585 567 2633 tuo
576 2584 769 2653 nuncupatae,
780 2594 817 2633 ex
825 2574 1024 2638 Neacademia
1032 2588 1134 2636 nostra
1143 2576 1311 2649 emittimus,

210 2668 249 2725 ob
273 2668 377 2727 multas
396 2686 508 2737 musas,
530 2668 584 2726 scd
604 2668 753 2747 proecipua
772 2679 819 2727 est
839 2668 993 2747 singularis
1013 2668 1210 2730 benivolentia
1227 2670 1258 2729 in
1279 2680 1311 2731 ta

209 2780 285 2831 mea,
301 2761 339 2820 ob
353 2761 454 2819 miram
467 2759 643 2839 probitatem
657 2772 747 2831 tuam,
763 2772 795 2819 et
809 2760 982 2831 doctrinam,
1002 2762 1203 2841 bonarumque
1216 2762 1313 2823 litere-

210 2874 274 2912 rum
288 2853 495 2933 cognitionem.
537 2853 614 2913 Tum
628 2853 696 2933 quia
715 2853 746 2912 in
765 2852 877 2933 inclyta
892 2854 949 2913 ista
962 2855 1036 2914 urbe
1057 2855 1174 2914 alumna
1184 2856 1312 2915 virorum

210 2946 350 3007 nobilium
366 2945 525 3026 Epidauro,
546 2946 593 3006 cui
613 2966 693 3007 nunc
715 2946 863 3006 Rhacusas
883 2956 930 3005 est
951 2966 1069 3018 nomeu,
1091 2956 1124 3007 et
1141 2946 1256 3019 latinas,
1279 2959 1311 3007 et

211 3060 324 3118 graecm
337 3040 435 3098 literas
455 3039 610 3117 profiteris,
630 3039 815 3116 instituisque
831 3042 1016 3115 juventutem
1032 3040 1117 3098 istum
1130 3039 1312 3119 :eloquentiae

210 3132 369 3192 studiosam
386 3142 449 3189 arte
464 3130 592 3201 dicandi,
614 3128 692 3207 quod
716 3130 795 3189 duce
815 3130 1029 3199 Demosthene,
1044 3142 1076 3188 et
1095 3129 1129 3187 t‘e
1140 3130 1311 3210 mterprete,

186 3232 190 3239 '
211 3244 298 3305 qrrsm
312 3224 448 3282 facillime
463 3233 667 3301 consequetur.
708 3223 746 3281 Id
759 3222 840 3301 quud
853 3241 891 3281 eo
904 3221 991 3279 etiam
1005 3220 1064 3281 feci
1078 3222 1226 3294 libenuus,
1239 3244 1312 3304 quo-

210 3319 288 3377 niam
300 3318 323 3376 si
334 3316 459 3397 cuipiam
468 3315 634 3395 reipublicae
651 3313 856 3375 Demosthenis
867 3314 1015 3374 orationes
1029 3314 1078 3373 die
1091 3325 1238 3395 nocteque
1248 3319 1311 3378 vol.

132 3400 136 3407 ¹
210 3410 322 3475 rendos
335 3420 471 3469 accurate
491 3407 635 3480 existimo,
648 3408 693 3467 isti
714 3407 856 3467 existimo.
898 3406 976 3465 Nam
996 3407 1052 3466 etsi
1064 3407 1142 3467 siros
1162 3411 1239 3469 otoni
1253 3412 1311 3471 rir-

212 3516 276 3564 tute
289 3502 438 3582 praeditos,
454 3513 485 3561 et
494 3501 731 3581 prudentissimos
742 3500 841 3571 babet,
854 3500 954 3579 quales
965 3498 1024 3559 vidi
1035 3500 1098 3579 ipse
1108 3500 1241 3565 Venetiis
1250 3504 1313 3565 Ds-

211 3597 319 3656 rrielem
335 3596 467 3655 Restium
482 3595 643 3654 secuudum
658 3594 737 3674 apud
751 3594 882 3652 Venetos
896 3592 1070 3671 fungentem
1083 3594 1238 3673 legationis
1251 3597 1312 3656 offl.

212 3691 267 3761 cio,
289 3700 320 3749 et
338 3690 457 3747 Petrum
480 3688 627 3747 Montium
647 3686 742 3746 Restii
762 3685 917 3764 collegam,
935 3696 1034 3745 tamen
1050 3687 1206 3765 praeceptis
1223 3706 1312 3766 quam

193 3782 329 3862 ,optimis
357 3793 504 3841 oratorum
533 3780 660 3839 omnium
683 3778 896 3839 Demosthenis
916 3777 1004 3838 facile
1028 3778 1179 3859 principis,
1203 3791 1314 3859 quanta

212 3874 352 3955 tyrannis,
376 3884 406 3933 et
427 3873 571 3952 Philippis
591 3871 726 3931 habenda
747 3872 785 3930 sit
806 3871 892 3943 fidas,
915 3890 975 3932 nou
997 3872 1123 3931 obscure
1144 3884 1314 3951 cognoscet

214 3966 291 4027 Nam
305 3986 372 4026 curn
385 3965 448 4025 aliis
457 3964 585 4046 plurimis
598 3963 806 4043 rempublicam
817 3962 1036 4024 Atheniensium
1050 3964 1190 4025 admouet
1198 3964 1313 4028 divinus

214 4072 314 4123 orator
326 4060 490 4121 cavendum
504 4076 570 4117 esse
584 4078 602 4117 a
615 4057 756 4138 tyrannis,
772 4057 822 4137 qui
836 4058 896 4117 sict
908 4068 1014 4118 natura
1024 4077 1120 4117 rerum
1131 4058 1313 4138 publicarum

212 4152 411 4223 inimicissimi,
429 4163 462 4212 ut
482 4151 543 4230 lupi
557 4151 663 4222 ovium,
677 4162 740 4211 tum
759 4152 804 4211 bis
817 4150 913 4212 verbis
933 4152 963 4211 iu
980 4150 1074 4232 prima
1093 4171 1147 4232 pro
1165 4152 1315 4232 Olynthiis

214 4248 363 4310 orationes
384 4248 430 4305 sul
443 4244 517 4312 dioc
534 4246 654 4307 ἄπιστον
665 4242 745 4326 οἶμαι
756 4253 819 4313 rnic
832 4250 1020 4317 sobsnlurco'p
1030 4248 1160 4325 τυραννὶς
1173 4247 1270 4313 ἄλλως
1282 4268 1314 4305 rc

215 4340 268 4419 κᾷν
281 4342 384 4421 ὅμορον
398 4346 494 4419 χώραν
510 4340 607 4419 ἔχωσι.
620 4338 678 4399 hoc
692 4350 755 4400 eet:
777 4350 810 4400 et
822 4340 941 4399 omnino
956 4338 1088 4419 tyrsum!
1101 4336 1192 4396 infide
1206 4356 1254 4399 m
1266 4348 1314 4398 est

215 4434 383 4513 rebuspubl.
397 4432 557 4513 praesertim
571 4433 594 4493 si
615 4432 736 4494 vicinam
757 4432 800 4493 illi
818 4432 969 4511 regionem
987 4428 1152 4501 habuerim
1166 4440 1198 4489 et
1217 4430 1248 4491 in
1266 4450 1314 4492 se·
