2984 4917
509 305 570 367 sn
591 297 942 366 nnmosnsrnnarr.
1132 270 1274 365 ‘emis

176 498 181 514 ι
214 459 378 525 Dorrillios
389 458 423 519 in
437 456 686 521 mutationibus
698 458 737 520 sd
749 458 942 523 crutam
953 477 985 540 p.
996 457 1072 524 687.
1086 462 1205 522 arose
1223 478 1274 519 coe

165 554 246 617 dicis
257 554 304 615 sni
316 550 496 613 mentionem
508 550 591 612 lacit.

178 685 181 695 ·
213 650 312 710 Penes
333 645 430 707 Elium
454 644 646 717 Obrechtum,
672 643 869 725 professorem
888 644 1034 724 quondam
1056 643 1274 724 Upsaliensema
1363 698 1366 705 .

172 742 262 801 fuisse
282 737 415 799 codicem
434 735 655 808 Demosthenis,
674 736 845 817 intelligitur
857 756 876 799 e
889 737 1054 799 Normauni
1071 747 1215 799 annotatt
1236 737 1277 797 ad

172 831 310 895 Aristidis
325 840 418 891 artem
432 828 608 891 rhetoricam
621 849 651 909 p.
665 831 737 893 274.
1255 850 1259 857 ·

177 976 181 985 .
214 926 321 985 Petrus
335 918 486 995 Possinus,
501 921 642 983 Decsnus
664 920 696 981 S.
718 918 836 981 Gudilae
855 920 1065 994 Bruxellensis,
1086 921 1275 984 habuitanti·
1316 972 1319 975 .

176 1036 266 1098 quum
279 1014 416 1077 codicem
432 1013 524 1075 Dem.
543 1012 594 1092 qui
613 1022 787 1073 recensetur
798 1030 818 1073 a
830 1012 964 1074 Fabricio
982 1014 1060 1073 Bibl.
1080 1013 1276 1080 Gr.T.X11.

177 1131 206 1190 p.
221 1112 294 1171 813.
305 1108 337 1167 in
349 1124 408 1187 quo
421 1105 584 1167 orationum
598 1104 673 1165 alius
687 1116 733 1165 est
745 1104 827 1177 ordo,
839 1124 928 1185 qnam
940 1106 971 1165 in
982 1106 1110 1185 vulgatis
1122 1107 1202 1168 libris
1223 1128 1275 1168 no·

178 1201 256 1262 stris.
298 1199 551 1259 Commemoratur
563 1196 604 1257 ibi
617 1196 711 1257 oratio
724 1198 860 1279 quedam
872 1198 963 1258 Dem.
983 1200 1017 1257 de
1037 1199 1196 1279 largitione,
1209 1220 1276 1279 quas

176 1294 269 1353 sideri
286 1302 378 1372 quest
396 1291 517 1351 inedita.
559 1289 620 1351 Sed
639 1289 775 1370 prolecto
794 1289 876 1351 nulla
887 1300 934 1352 est
947 1290 1014 1366 elia,
1027 1309 1115 1369 quam
1129 1290 1222 1351 oratio
1237 1293 1275 1351 ds

179 1404 290 1447 corone
308 1384 509 1447 trierarchica.
550 1381 635 1443 Idem
657 1381 799 1443 Pautinus
819 1382 923 1444 hahuit
940 1382 1030 1444 alium
1047 1401 1167 1463 qnoque
1185 1384 1275 1445 Dem.

180 1478 323 1549 codicem,
338 1476 394 1537 sed
406 1474 574 1535 inchoanda
587 1474 781 1535 solummodo.
791 1494 821 1535 v,
836 1496 870 1555 p.
884 1480 955 1537 316.
969 1495 999 1537 n.
1013 1480 1066 1537 tc.

216 1568 361 1631 Samhnci
373 1567 508 1628 codicem
520 1566 622 1629 laudet
636 1564 724 1627 Woll
739 1566 820 1647 adp.
841 1571 911 1642 145,
923 1571 954 1629 5.
965 1578 1000 1629 et
1010 1567 1041 1627 in
1054 1587 1100 1641 es,
1114 1588 1202 1649 qnam
1221 1588 1274 1629 nos

180 1680 363 1743 usurpamus,
376 1660 532 1739 farragine.

219 1755 264 1815 H.
282 1752 456 1833 Scrimgeri,
480 1750 571 1822 Scoti,
594 1750 775 1812 Professoris
793 1751 941 1830 qnondam
961 1751 1041 1812 Juris
1060 1752 1140 1831 apud
1152 1751 1277 1811 Heidel-

180 1846 350 1926 bergenses,
364 1843 489 1904 schedas
502 1842 533 1903 in
547 1844 631 1905 calce
645 1844 811 1903 sucrumad
821 1852 909 1903 oratt.
920 1843 1008 1904 Dcm.
1021 1854 1054 1903 et
1068 1843 1213 1903 AEschinis
1224 1845 1276 1903 ad-

180 1940 320 2000 versarias
333 1935 828 1997 commentariorumcommemorat
839 1934 931 1995 wolf.
973 1936 1042 1995 Non
1051 1934 1106 1994 fuit
1119 1936 1212 1994 codex
1226 1954 1275 1994 ve·

179 2041 276 2091 tuscus
288 2048 381 2109 penes
397 2028 605 2107 Scrimgerum,
620 2028 674 2087 sed
687 2026 818 2097 schedae,
832 2028 863 2086 in
885 2046 958 2106 qnos
978 2027 1161 2106 Scrimgerus
1177 2027 1277 2087 retulit

180 2120 322 2183 lectiones
335 2120 479 2180 variantes
493 2140 510 2180 e
525 2118 629 2180 codice
642 2118 733 2179 Dem.
756 2118 930 2201 nescioquo
944 2139 963 2181 a
976 2138 1009 2180 se
1023 2129 1188 2200 excerptas,
1208 2137 1277 2179 cum

181 2214 347 2277 intermistis
361 2212 451 2294 ipsius
464 2212 621 2291 Scrimgeri
633 2211 817 2289 conjectmis.

597 2518 726 2587 SEGT.
750 2517 858 2586 xvl.

248 2680 295 2739 Dc
309 2682 444 2741 codicibus
457 2682 535 2741 rastis
549 2680 631 2741 Dem.
647 2682 745 2761 quihus
757 2699 808 2761 ego
821 2681 850 2739 ia
863 2680 912 2739 loc
926 2680 1042 2740 editione
1056 2698 1120 2740 asur
1132 2700 1202 2739 sam.

222 2832 454 2895 Psosnscsars
481 2836 581 2916 itaque
607 2836 661 2907 his,
684 2856 751 2915 qnae
771 2835 976 2916 premittenda
994 2833 1175 2904 videbantur,
1196 2852 1276 2893 nunc

183 2926 302 2987 tandem
322 2928 362 2987 ad
382 2928 502 2988 codices
523 2940 613 2987 mstos
631 2928 765 3000 devenio,
783 2927 888 3006 quibus
901 2928 965 3007 ipse
978 2945 1042 2986 sum
1055 2944 1135 2996 usus,
1150 2936 1201 2984 aut
1213 2934 1279 3004 post

184 3018 266 3092 alios,
280 3029 332 3080 aut
344 3018 433 3080 solus.
474 3018 544 3079 Non
566 3030 630 3080 erat
650 3022 761 3081 animus
772 3020 855 3080 initio
872 3019 1030 3080 Demosth.
1051 3017 1150 3089 edere,
1165 3018 1219 3076 sed
1234 3038 1282 3077 so·

183 3110 332 3170 lummodo
345 3110 612 3173 animadversiones
624 3113 664 3173 ad
677 3130 756 3173 eum.
784 3113 858 3173 Post
871 3112 981 3172 editum
994 3110 1129 3190 quintum
1142 3109 1279 3170 volumen

183 3202 462 3264 animadversionum
489 3204 528 3264 ad
550 3223 664 3283 grescos
690 3214 825 3265 auctores
851 3221 918 3264 cum
945 3202 1138 3264 decrevissem
1162 3213 1279 3263 sextum

184 3295 283 3367 edere,
309 3294 477 3356 dubitabam
501 3305 599 3354 utrum
619 3294 650 3354 in
676 3294 707 3354 id
732 3295 1015 3357 animadversionum
1034 3293 1073 3355 ad
1092 3294 1277 3355 Constantini

185 3384 368 3468 Porphyrog.
390 3387 595 3449 Ceremoniale
609 3388 735 3468 Byzant.
750 3386 873 3467 reliqna,
886 3408 953 3468 quas
965 3386 1095 3455 nondum
1109 3397 1178 3446 sunt
1197 3384 1276 3466 typis

184 3480 313 3559 vulgata,
334 3500 371 3540 an
393 3480 537 3541 animadv.
558 3480 597 3540 ad
615 3480 769 3541 Demosth.
786 3482 971 3557 conjicerem.
1013 3478 1075 3539 Sed
1093 3478 1194 3539 videns
1212 3479 1276 3539 De·

184 3572 366 3633 mosthcuica
384 3592 444 3632 non
463 3590 549 3653 posse
569 3590 629 3631 uno
650 3591 738 3652 parvo
751 3571 899 3632 volumine
919 3570 1137 3650 comprehendi,
1158 3572 1277 3650 otioque

184 3684 286 3725 cerens
307 3665 358 3725 illa
381 3664 621 3726 Constantiniana
640 3664 874 3743 recognoscendi
894 3674 926 3724 et
944 3662 1122 3743 expoliendi,
1136 3662 1232 3723 distuli
1245 3666 1276 3727 in

182 3756 263 3818 aliud
272 3766 388 3837 tempus
402 3758 561 3817 editionem
575 3756 658 3832 hujus
671 3756 746 3817 sexti
758 3755 920 3827 voluminis,
933 3755 1120 3834 animumque
1132 3764 1225 3817 totum
1239 3759 1279 3820 ad

183 3849 417 3909 Demosthenem
430 3848 592 3909 ornandum
605 3848 739 3908 conferre
753 3848 840 3931 coepi.
881 3849 982 3913 Quare
995 3847 1119 3927 primum
1132 3849 1223 3909 literis
1237 3852 1276 3911 ad

183 3940 340 4001 Oeh'elium
360 3940 398 3999 V.
419 3940 467 4002 Ill.
497 3938 701 4000 consiliarium
724 3938 906 4000 Serenissimi
927 3938 1072 3999 Electoris
1091 3938 1224 4000 Bavariae
1246 3954 1278 4005 et

181 4031 369 4093 bibliothecae
392 4032 578 4103 Electoralis,
598 4051 664 4110 quse
688 4032 842 4092 Monachii
862 4032 1001 4093 dedicata
1019 4043 1073 4104 est,
1092 4032 1276 4112 prefectum,

183 4124 259 4185 datis
272 4144 350 4185 enno
365 4128 453 4189 1765.
468 4136 606 4214 exeunte,
620 4124 778 4202 rogarint
796 4124 1006 4185 Demosthenis
1027 4124 1161 4185 codicem
1182 4116 1278 4187 Bava-¹

182 4217 275 4277 sicum
289 4217 328 4276 ad
341 4234 389 4277 me
404 4217 537 4277 mitteret.
579 4216 763 4296 Acceperam
781 4216 897 4277 scilicet
910 4220 948 4278 ab
962 4216 1057 4279 emico
1070 4236 1137 4278 meo
1152 4218 1280 4295 cobero,

182 4309 232 4389 qui
247 4328 325 4369 nunc
344 4300 444 4369 literas
456 4309 488 4367 in
501 4308 653 4389 gymnasio
668 4309 833 4370 Budissano
847 4310 945 4383 docet,
966 4330 1035 4370 cum
1054 4308 1143 4388 paulo
1162 4320 1232 4370 ante
1245 4313 1278 4373 id

182 4414 324 4484 tempure
337 4402 570 4483 peregrinatione
584 4401 728 4464 Bavurica
740 4412 771 4463 ct
782 4401 887 4463 Italica
899 4403 1017 4464 domum
1027 4401 1162 4477 redisset,
1170 4406 1280 4468 servari
