2984 4917
226 264 264 322 m
304 332 305 337 Ν
518 230 526 237 ”
554 263 806 324 rrmnouumr
827 258 982 327 wosru

225 418 370 479 emonam
384 434 484 476 meam
497 414 643 475 historiam
658 436 695 476 ne
710 416 880 497 Byzantina
892 415 1010 495 quidem
1024 411 1206 477 bibliothece
1219 421 1318 479 cacia*-

224 521 341 571 serunt:
362 502 416 568 sed
431 514 493 584 jam
511 509 630 568 tandem
644 510 723 567 reiut
744 509 782 569 ab
801 509 887 569 exilio
909 520 1088 581 revocatam,
1107 510 1268 571 honorilice
1285 522 1318 572 et
1390 502 1394 507 ¹

226 611 357 660 amanter
367 612 567 679 susceperunt.
609 600 730 659 Sextum
738 606 800 675 jam
811 601 958 661 Isocrates
972 601 1126 660 cum'meis
1140 613 1316 663 commeata-

226 692 276 752 riis
288 693 343 751 sub
357 691 447 771 praelo
461 702 515 751 est.
557 693 608 751 An
628 703 661 751 tu
676 710 790 764 censes,
804 694 851 752 vei
865 694 1073 773 typographos,
1088 693 1133 752 rei
1144 694 1317 773 bibliopolas

225 784 253 843 in
268 795 313 844 tot
326 784 416 843 miliia
428 784 561 843 codicum
569 786 698 845 laborem
713 797 744 845 et
754 786 909 865 pecuniam
923 786 1064 856 conferre,
1076 796 1107 845 ut
1118 786 1213 845 oleum
1228 800 1317 867 atque

226 896 343 957 operam
357 876 502 956 perdant?
522 877 596 944 Quis
610 878 803 937 studiosorum
818 888 849 938 et
862 878 1077 956 ingeniosorum
1089 878 1239 937 hominum
1252 892 1317 941 tom

224 979 285 1027 tem
298 969 491 1047 frequentiam
504 969 546 1029 ita
558 970 681 1039 insanire
695 970 804 1042 credat,
819 982 852 1029 ut
865 989 917 1030 eos
930 971 1021 1031 libros
1034 983 1094 1031 tam
1105 973 1190 1031 avide
1204 975 1315 1051 legant,

224 1080 345 1141 quorum
364 1062 491 1122 lectione
504 1081 563 1121 non
578 1073 628 1121 aut
645 1062 792 1139 meliores,
811 1074 861 1122 aut
880 1063 1036 1133 doctiores,
1049 1075 1101 1122 aut
1114 1064 1273 1141 pmatiorea
1285 1076 1316 1125 et

223 1155 262 1215 ad
275 1166 357 1213 recte
370 1154 562 1222 sentiendum,
578 1165 607 1214 et
621 1156 659 1215 ad
673 1156 751 1214 bene
763 1154 927 1225 vivendum,
941 1156 1026 1216 etad
1043 1166 1146 1215 ornate
1160 1155 1317 1217 dicendum

224 1247 373 1313 evadenti
394 1246 499 1325 Neque
510 1267 580 1307 vero
593 1266 644 1307 eas
654 1247 724 1306 mihi
734 1247 873 1307 utilitates
887 1257 1023 1325 acceptas
1037 1247 1140 1307 referri
1152 1249 1230 1308 reio.
1255 1251 1316 1309 Ab·

223 1340 260 1399 sit
279 1338 475 1397 Thrasonicus
497 1339 550 1398 iste
570 1340 624 1411 sai,
639 1351 672 1398 ut
695 1359 804 1418 magno
823 1340 918 1399 alieno
937 1340 1039 1399 labore
1060 1351 1174 1420 partam
1194 1340 1316 1419 gloriam

223 1432 319 1491 verbis
340 1432 368 1489 in
389 1450 436 1490 me
456 1444 678 1493 transmoveam.
719 1433 794 1512 ipsis
814 1434 961 1492 autoribus
984 1452 1022 1493 ea
1041 1434 1105 1493 laus
1119 1434 1253 1505 debetur,
1268 1435 1317 1513 qui

225 1523 279 1582 sibi
294 1542 434 1581 summam
449 1523 613 1602 eloquentis
632 1524 782 1603 sapientie
801 1536 833 1583 et
851 1525 987 1603 sapientis
1001 1526 1178 1604 eloquentie
1199 1527 1317 1586 laudem

178 1667 181 1679 ‚
223 1635 277 1694 per
290 1625 334 1673 tot
347 1619 408 1690 jam
423 1616 524 1675 secula
536 1616 737 1676 vendicarunt.
778 1617 857 1675 Iliud
867 1629 965 1676 tamen
979 1617 1106 1695 ingenue
1120 1617 1234 1696 plurimi
1245 1637 1316 1677 con·

224 1708 349 1777 fitentur,
370 1726 403 1765 se
424 1706 532 1766 Graeca
554 1709 617 1767 sine
637 1708 877 1787 interpretatione
897 1726 964 1766 mea
984 1710 1110 1767 lecturos
1132 1708 1223 1769 fuisse
1241 1730 1317 1769 nun·

223 1819 319 1877 qoam.
361 1798 411 1857 Ab
426 1798 458 1858 iis
481 1800 567 1878 igitur
587 1800 618 1860 id
632 1810 808 1859 consecutus
821 1819 894 1869 sum,
915 1799 994 1877 quod
1013 1800 1107 1859 volui:
1129 1820 1199 1860 rana
1211 1803 1316 1861 bovem

223 1892 455 1963 intumescendo,
471 1911 558 1949 anser
570 1892 682 1950 olorem
695 1891 904 1969 obstrependo,
918 1909 1034 1969 sequare
1046 1910 1194 1971 nunquam
1207 1892 1316 1964 studui

223 2004 359 2064 superare
371 1985 462 2043 multo
477 1984 579 2041 minus.
620 1982 689 2041 Non
701 1982 837 2061 equidem
850 1982 901 2041 tali
916 2003 963 2041 me
977 1983 1083 2061 dignor
1095 1985 1217 2044 honore.
1248 1986 1318 2045 For-

223 2090 299 2136 tasse
314 2076 475 2135 Leontinos
490 2073 629 2152 quosdam
644 2086 674 2133 et
689 2074 814 2133 Vulcani
834 2076 872 2133 de
886 2074 976 2153 stirpe
995 2085 1084 2145 satos,
1100 2085 1130 2135 et
1146 2076 1218 2135 aiios
1231 2077 1318 2135 semi·

224 2170 295 2227 deos
309 2178 396 2246 atque
410 2168 523 2237 heroas,
537 2178 621 2227 natos
636 2167 750 2227 scilicet
770 2168 935 2227 melioribus
955 2168 1048 2238 aunis,
1061 2167 1109 2227 isti
1129 2180 1249 2228 manent
1269 2169 1319 2229 tri·

224 2260 334 2339 umpiri.
375 2260 441 2319 Etsi
455 2259 589 2339 profecto
600 2280 707 2339 pugnae
721 2260 860 2320 hactenus
871 2262 909 2319 ab
922 2260 977 2319 iiiis
992 2260 1178 2339 depugnatae,
1192 2260 1251 2321 hcc
1264 2274 1318 2333 est,

223 2353 412 2413 oratiunculae
426 2350 558 2430 quaedam
573 2354 610 2411 ab
625 2352 684 2412 istis
699 2352 850 2413 Ciceronis
860 2353 1005 2431 gemnanis
1018 2372 1121 2423 versae,
1132 2372 1169 2411 ne
1184 2355 1318 2415 oratione

223 2445 338 2524 quidem
358 2444 426 2502 mihi
441 2444 538 2521 dignas
551 2444 694 2503 videntur.
735 2445 816 2512 Quid
829 2446 907 2506 enim
927 2445 955 2503 in
967 2445 1031 2504 istis
1043 2457 1094 2503 aut
1111 2445 1255 2506 Cicerone
1267 2460 1319 2507 aut

224 2537 426 2597 Demosthene
436 2538 554 2615 dignum
570 2550 698 2617 apparet,
713 2549 821 2618 proeter
835 2539 911 2598 maie
924 2549 1049 2598 consuta
1060 2539 1196 2619 quaedam
1208 2541 1317 2602 emble·

222 2640 308 2699 mata,
323 2649 358 2689 ec
371 2642 511 2690 centones
530 2630 647 2708 potius?
668 2631 792 2696 Quoties
810 2630 991 2690 asententiis
1009 2632 1132 2691 cratoris
1152 2643 1216 2691 toto
1230 2633 1316 2705 coelo,

140 2790 141 2795 η
224 2726 302 2803 quod
316 2724 408 2795 aiunt,
428 2723 584 2783 aberranti
604 2723 662 2790 Qui
676 2722 793 2801 quidem
806 2723 939 2783 inanibus
952 2724 1012 2783 istis
1025 2724 1236 2798 jactationibus
1249 2744 1317 2784 cum

223 2818 321 2897 primis
335 2813 474 2887 efficiunt,
488 2826 521 2875 ut
542 2816 597 2876 mei
619 2816 726 2876 laboris
745 2835 793 2876 me
811 2820 872 2895 jam
893 2817 986 2875 minus
999 2816 1154 2896 minusque
1166 2818 1318 2896 peniteat.

224 2912 292 2971 Nec
303 2910 379 2971 enim
394 2910 441 2970 isti
451 2928 498 2969 me
508 2911 545 2969 de
556 2908 649 2989 gradu
661 2910 849 2986 dejecerunt:
863 2910 917 2968 sed
928 2910 998 2967 dum
1012 2909 1107 2980 sitias,
1116 2929 1203 2988 qaam
1216 2916 1318 2969 eorum

223 3016 327 3064 natura
341 3014 372 3062 et
385 3004 488 3081 genius
501 3004 568 3074 fert,
580 3023 736 3081 assurgere
750 3002 847 3063 conati
860 3015 936 3072 sunt,
951 3003 1029 3062 uitro
1049 3002 1187 3081 prostrati
1200 3023 1318 3062 corrue·

222 3109 300 3171 runt,
321 3115 410 3153 onere
425 3106 577 3173 suscepto,
597 3096 675 3173 quod
695 3096 798 3152 inii'rmi
818 3112 918 3153 eorum
938 3094 1051 3149 humeri
1071 3093 1214 3153 sustinere
1233 3097 1317 3155 nulio

223 3188 311 3246 modo
325 3198 490 3265 potuerunt.
533 3186 593 3245 Sed
613 3186 637 3243 si
657 3186 721 3263 quis
742 3184 899 3253 Hercules,
911 3192 963 3240 aut
978 3182 1063 3240 Atlas
1083 3182 1191 3260 potius,
1204 3184 1317 3246 Demo·

222 3280 355 3339 sthenem
376 3278 501 3337 Romam
521 3277 663 3355 perlatum
684 3276 804 3335 tandem
817 3273 973 3352 aliquando
986 3272 1017 3331 in
1036 3273 1137 3332 rostris
1157 3274 1317 3349 collocarit,

222 3381 401 3450 quantopere
416 3389 475 3428 non
490 3369 576 3427 modo
590 3366 761 3437 Quiritibus,
775 3368 828 3426 sed
839 3377 869 3425 et
885 3364 1016 3425 Feretrio
1029 3364 1075 3424 isti
1089 3364 1157 3424 ,lori
1168 3366 1231 3445 ipse
1243 3370 1320 3431 inter

222 3466 330 3544 primos
344 3461 590 3543 congratulabor?
613 3460 734 3520 Interim
750 3480 806 3538 ego
816 3479 914 3518 meum
925 3477 1030 3517 saxum
1043 3476 1138 3532 verso,
1149 3461 1230 3537 quod

446 3582 467 3629 0
480 3582 565 3629 utinam
576 3582 668 3628 tandem
676 3581 724 3641 jam
737 3594 825 3625 summo
836 3577 926 3626 vertice
937 3576 1023 3625 montis

446 3658 573 3715 Consistat,
584 3658 717 3717 iussumque
728 3656 789 3703 sinat
799 3656 904 3718 requiete
915 3655 993 3717 potiri.

224 3764 282 3824 Sed
297 3763 466 3822 aemulorum
481 3758 615 3838 iniquitas
630 3758 736 3829 eiiecit,
757 3768 789 3817 ut
810 3768 841 3817 et
861 3758 976 3837 longius
998 3760 1035 3820 ab
1047 3760 1177 3819 instituto
1195 3760 1313 3818 aberrai

224 3876 294 3925 rem,
307 3866 336 3914 et
346 3866 447 3914 contra
459 3852 608 3931 ingenium
623 3861 653 3911 et
667 3850 905 3911 consuetudinem
920 3870 1014 3910 metm
1027 3851 1136 3930 aliquid
1149 3849 1315 3910 iracundius

224 3958 253 4007 ct
268 3946 449 4025 arrogantius
464 3946 502 4004 de
517 3944 636 4023 meipso
649 3941 787 4004 dicerem.
809 3943 860 4001 Ad
870 3955 901 4001 te
913 3944 1001 4022 igitur
1010 3964 1091 4004 nunc
1104 3942 1205 4014 redeo,
1216 3944 1316 4011 irater,

222 4051 253 4101 et
267 4061 282 4098 a
299 4050 327 4097 te
349 4048 427 4117 peto,
442 4048 475 4095 ut
489 4036 618 4095 libellum
631 4037 718 4105 huno,
733 4056 792 4096 non
813 4036 902 4095 modo
916 4035 1138 4103 necessitudinis
1152 4045 1270 4104 nostrae,
1287 4046 1318 4093 et

221 4132 335 4210 abipsa
353 4140 454 4188 natura
472 4128 620 4199 institutae,
642 4138 672 4188 et
692 4129 795 4188 iisdem
816 4128 920 4188 studiis
941 4128 1131 4201 confirmatos,
1151 4127 1258 4207 pignus
1280 4138 1315 4186 ae

221 4212 438 4287 monumentum
457 4242 522 4282 esse
536 4222 616 4293 veiis,
632 4222 683 4281 sed
705 4242 858 4283 censorem
879 4221 966 4282 etiam
988 4242 1069 4301 agas,
1083 4234 1222 4299 tuumque
1238 4220 1317 4296 jndo

222 4320 299 4379 cium
320 4312 497 4395 interponas.
539 4314 721 4374 Existimatio
735 4315 814 4373 enim
834 4325 885 4374 tua
898 4334 980 4393 oeque
995 4334 1031 4373 ac
1051 4332 1118 4372 mea
1137 4312 1185 4371 hic
1209 4312 1316 4393 agitur.
1338 4345 1344 4353 ·

221 4410 296 4471 Nam
319 4430 385 4469 cum
405 4408 455 4468 tibi
475 4408 642 4487 conjugium
662 4406 766 4466 iiiioias
788 4418 898 4466 tantum
920 4406 1084 4466 incolumes
1104 4405 1227 4479 donarit,
1247 4406 1317 4465 milri

1480 3319 1483 3422 l
