2984 4917
388 224 449 285 ΑΙ)
472 226 597 287 SUUM
614 224 838 287 DEMOSTH.
859 226 1077 293 PliAEFAT'l'.
1243 234 1274 293 lv

182 380 336 459 probarem
346 378 394 439 vel
406 378 686 461 improbsres,quem
701 394 754 444 sut
765 396 803 443 ex
815 382 1059 445 obtrectatorum
1066 384 1276 447 aliene-budh

184 482 217 531 et
235 470 396 542 industrie,
417 482 468 533 cut
486 492 525 533 ex
545 475 771 535 assentatoribus
783 478 919 556 (quorum
939 476 997 537 utri
1015 478 1194 540 molestiores
1206 480 1277 539 mibi

184 564 254 635 rint,
274 565 356 625 bsud
373 564 461 625 facile
482 566 627 643 dixerim),
648 578 760 627 mature
782 588 999 647 cognoscerem,
1019 582 1060 644 et,
1077 573 1216 651 proririli
1228 574 1276 634 vel

184 657 378 735 pretermissa
393 655 562 735 adjicerem,
578 659 625 719 vel
642 678 821 739 supervacue
834 681 1007 734 resecarem,
1020 666 1068 723 vel
1087 665 1181 726 minus
1199 667 1278 727 bells

185 748 373 829 corrigerem,
387 760 474 829 etque
487 751 610 811 confuse
629 750 659 810 in
681 762 793 813 certum
806 754 938 814 ordinem
960 755 1131 835 redigerem.
1171 758 1277 839 Neque

186 841 302 901 enimin
315 862 373 921 ego
387 862 461 913 sum,
474 842 579 922 quiite
588 842 657 903 mihi
670 844 814 923 placeam,
827 857 869 918 ut,
883 846 954 926 quid
967 847 1015 907 ulii
1028 848 1068 908 de
1080 868 1128 909 me
1141 851 1276 921 sentient,

185 954 293 1015 susque
312 934 407 1015 deque
420 935 530 997 ieram:
555 936 609 996 sed
628 948 660 996 et
680 936 908 1001 imbecillitatem
920 939 1027 1019 ingenii
1042 940 1109 1012 mei,
1123 941 1277 1002 doctrinm·

186 1049 246 1108 que
259 1031 433 1090 tenuitatem
446 1030 516 1090 sstis
536 1049 684 1109 regnosco:
708 1041 739 1089 et
759 1032 789 1090 in
808 1032 960 1092 sententiis
978 1052 1088 1104 eorum,
1102 1032 1150 1112 qui
1164 1035 1277 1095 ncutius

186 1121 337 1181 videntne
351 1121 460 1183 rectius
473 1122 613 1197 judicant,
631 1122 724 1183 libens
738 1125 904 1205 acquiesco.
946 1125 1011 1185 Etsi
1025 1126 1101 1185 enim
1119 1145 1167 1186 me
1187 1147 1278 1188 unum

185 1217 230 1295 (ut
250 1216 309 1275 fert
331 1227 435 1277 nutura
457 1216 590 1277 omnibus
611 1216 723 1289 insitus,
747 1238 807 1279 nou
827 1238 925 1280 cecus
944 1220 1047 1299 magis,
1068 1239 1154 1300 qusnr
1173 1225 1277 1300 prunus

185 1326 268 1369 emor
287 1309 344 1382 sui)
363 1308 528 1389 perspicere
552 1310 648 1369 omnin
665 1320 697 1369 et
717 1310 865 1372 collimere
886 1313 1010 1373 menime
1023 1313 1145 1373 rellemr
1168 1324 1278 1388 temen,

188 1418 259 1459 curn
272 1420 398 1461 summos
410 1400 485 1460 viros
499 1411 530 1461 et
542 1406 648 1464 veteris
662 1414 693 1463 et
705 1414 811 1465 nostre
823 1404 980 1475 memorie,
994 1424 1013 1465 r
1030 1404 1157 1485 plurimis
1170 1417 1202 1466 et
1214 1406 1278 1486 plu·

189 1492 272 1551 ribus
285 1492 394 1553 iulocis
404 1492 578 1573 reprebendi
592 1494 715 1566 rideam,
729 1496 876 1556 moneri
889 1517 938 1556 me
951 1498 989 1557 nb
1001 1496 1159 1577 ingeniosis
1172 1510 1203 1558 et
1213 1519 1279 1559 eru·

189 1584 258 1645 ditis
271 1585 431 1645 bominibus
445 1587 538 1647 multo
556 1597 588 1647 et
599 1587 749 1647 honestius
770 1598 801 1647 et
819 1588 915 1648 utilius
928 1608 992 1649 esse
1004 1590 1116 1665 judico,
1135 1610 1222 1669 quum
1240 1593 1277 1652 cb

186 1676 292 1737 invidis
302 1688 334 1737 et
345 1678 464 1739 morosis
479 1679 647 1741 censoribus
663 1678 1036 1761 Hipponacteisprreconiis
1051 1684 1201 1745 celebrari.
1241 1684 1279 1744 ln

185 1791 244 1850 quo
256 1790 367 1849 genere
380 1772 421 1831 itu
432 1772 486 1831 sibi
500 1772 639 1833 adversus
653 1792 700 1833 me
714 1792 773 1834 non
787 1772 874 1852 psuci
887 1791 944 1832 nec
957 1772 1070 1832 indocti
1089 1774 1220 1834 homines
1233 1776 1278 1835 in·

187 1864 347 1936 dulserunt,
362 1876 396 1924 ut
408 1864 592 1926 aemulstione
606 1877 638 1925 et
651 1867 754 1925 morbo
761 1866 855 1931 ,enimi
872 1864 997 1945 impulsi,
1012 1885 1070 1924 non
1090 1876 1202 1925 tuntum
1215 1886 1277 1926 uro·

186 1957 300 2027 destioe,
318 1968 351 2016 et
362 1956 472 2035 gretie,
491 1957 567 2017 bene
582 1958 666 2017 dese
681 1976 796 2038 quoque
816 1957 918 2016 merito
932 1956 1039 2018 debitoe
1052 1957 1278 2033 (lucubrationes

173 2049 265 2109 enim
278 2068 368 2120 mens,
382 2060 416 2107 ut
434 2047 546 2128 opinor,
567 2068 626 2108 non
645 2059 757 2109 tuntum
779 2049 1013 2132 reprehendendi
1033 2050 1128 2128 gretie
1141 2059 1199 2110 tum
1212 2050 1277 2109 dili·

187 2151 291 2219 genter
311 2140 459 2219 legerunt)
475 2140 725 2211 obliviscerentur,
749 2140 804 2200 sed
825 2141 972 2200 atrocibus
993 2141 1078 2201 etium
1097 2140 1207 2220 injuriis
1229 2162 1278 2201 me

187 2243 353 2304 onerarent,
366 2252 438 2311 quus
452 2252 510 2312 ego
524 2232 592 2293 Deo
607 2238 686 2309 justo
702 2233 797 2309 judici
810 2232 997 2293 vindicandus
1008 2234 1149 2313 relinquo,
1164 2254 1279 2295 eorum·

185 2345 244 2404 que
254 2324 381 2385 csndore
394 2344 442 2384 me
456 2324 600 2397 consolor,
613 2324 663 2403 qui
681 2335 713 2384 et
724 2325 802 2384 bene
816 2324 903 2384 dictis
917 2325 1050 2403 gretiam,
1065 2338 1096 2386 et
1113 2327 1215 2387 erretis
1228 2346 1278 2387 re·

184 2420 263 2479 niem
279 2438 300 2479 s
314 2438 347 2479 se
359 2428 490 2497 pereum
508 2438 573 2479 esse
593 2418 664 2477 mibi
686 2418 847 2477 voluerunt.
887 2420 969 2485 Quos
988 2418 1078 2497 longe
1100 2421 1199 2499 plures
1212 2440 1278 2480 esse

185 2512 279 2573 Zoilis
297 2510 444 2583 (meliores
463 2509 579 2590 quidem
601 2528 665 2570 esse
680 2510 756 2569 viros
768 2509 834 2589 quis
846 2510 992 2583 dubitetl)
1003 2510 1158 2570 multorum
1174 2522 1205 2571 et
1218 2512 1277 2592 pri·

184 2605 274 2666 vatim
289 2604 329 2665 sd
340 2623 390 2663 sne
400 2603 516 2683 scripte
526 2602 628 2674 literoe,
643 2614 674 2663 et
687 2602 716 2661 in
727 2602 876 2682 publicum
889 2602 958 2662 editi
972 2602 1198 2663 bbritestuntur.
1232 2605 1277 2664 Ac

183 2698 250 2760 illos
263 2699 343 2778 ipsos
356 2696 455 2758 Zoilos
469 2694 539 2755 nibil
553 2715 642 2775 posse
662 2694 765 2755 efferre
785 2695 899 2767 melius,
913 2695 967 2755 sed
985 2715 1025 2755 ex
1039 2695 1138 2755 Wolfli
1151 2695 1276 2758 insecta·

185 2792 265 2851 tione
284 2790 393 2851 famem
413 2788 560 2867 sucupsri,
580 2799 613 2847 ut
631 2787 992 2873 illefecit,qu1presioe
1010 2787 1116 2847 uisne
1135 2791 1277 2868 templum

185 2884 329 2956 incendit,
342 2883 413 2943 illud
426 2902 485 2943 non
497 2882 600 2955 innuit,
614 2883 667 2942 sed
680 2882 796 2953 clamet,
811 2882 891 2959 quod
907 2881 983 2940 intre
1002 2900 1094 2940 annos
1114 2884 1277 2943 octodecim

187 2994 257 3036 mee
276 2975 480 3053 qualiscunque
501 2973 653 3034 conversio
675 2971 800 3033 Brsileoe
818 2971 875 3045 bis,
895 2971 1026 3032 Veneriis
1039 2972 1231 3035 semel-editu
1248 2986 1280 3060 et

186 3067 337 3138 distructa
355 3066 528 3146 Jcmpridem
547 3086 566 3126 s
585 3064 719 3126 studiosis
739 3066 778 3125 de
790 3064 905 3144 integro
918 3064 1075 3143 flagitetur.
1117 3066 1178 3125 Cur
1190 3065 1277 3145 igitur

184 3161 233 3221 isti
247 3160 343 3221 Attici
355 3170 394 3221 et
407 3158 593 3221 Ciceronieni
613 3172 742 3219 oratores
764 3178 840 3229 eum,
861 3178 948 3238 quem
967 3158 1010 3218 its
1026 3167 1226 3234 contemnunt,
1245 3173 1278 3220 ut

184 3253 262 3313 infre
282 3271 384 3312 omnes
404 3252 517 3311 infimos
537 3251 669 3311 homines
687 3252 874 3330 interpretem
888 3251 1035 3326 abjicient,
1050 3262 1082 3311 et
1104 3252 1223 3312 sceleris
1241 3272 1278 3313 nc

184 3346 329 3425 sacrilegii
339 3364 421 3405 reum
434 3354 533 3423 qens,
545 3343 625 3404 editu
634 3343 753 3404 meliore
767 3363 826 3403 non
840 3342 966 3402 tollunt?
986 3342 1088 3402 Meam
1101 3343 1178 3403 enim
1191 3345 1279 3403 inter·

184 3438 377 3517 pretationem
397 3437 498 3516 quenti
511 3436 641 3497 lacerem
659 3436 731 3515 ipse,
749 3440 811 3512 jum
832 3435 902 3494 olim
923 3446 954 3495 et
967 3435 1098 3496 versibus
1120 3447 1152 3496 et
1171 3437 1277 3516 praefc·

185 3530 313 3590 tionibus
331 3529 545 3589 modestissime
565 3528 678 3608 scriptis
698 3548 762 3587 sum
784 3538 925 3588 testatus:
946 3534 1043 3607 neque
1056 3528 1125 3586 mihi
1138 3548 1195 3608 ego
1209 3550 1277 3591 curn

185 3620 318 3683 Isocrate
332 3632 364 3681 et
382 3622 494 3682 ceteris
512 3620 630 3681 summis
650 3620 821 3693 oratoribus,
834 3620 1022 3700 philosophis,
1036 3620 1190 3693 historicis,
1204 3643 1276 3702 quos

185 3714 290 3775 lstinns
303 3713 371 3787 ieci,
386 3713 561 3793 eloquentie
580 3724 728 3773 certamen
739 3711 850 3772 institui
866 3711 909 3791 (id
922 3712 1001 3791 quod
1014 3712 1158 3773 manifesti
1169 3712 1277 3774 luroris

186 3812 285 3881 esset),
299 3826 395 3886 neque
410 3806 518 3867 Graece
531 3804 707 3884 exemplaris
721 3804 760 3863 de
779 3803 912 3863 menibus
924 3803 1117 3864 studiosorum
1138 3817 1278 3870 excutere

186 3899 281 3959 volui:
301 3898 355 3959 sed
368 3898 442 3958 illud
455 3898 572 3959 efficere
584 3908 706 3958 conatus
720 3916 795 3968 sum,
810 3905 851 3967 ut,
865 3916 938 3975 quos
956 3896 993 3955 nb
1011 3896 1045 3955 iis
1062 3895 1194 3975 legendis
1208 3897 1278 3957 didi-

183 3992 299 4053 cultstis
313 3992 412 4071 opinio
430 3992 600 4063 deterreret,
614 3989 737 4050 uudscis
752 3989 781 4048 in
801 3987 1003 4049 transferendo
1022 4007 1089 4048 mes
1106 3990 1277 4068 (ugnoscm

184 4084 271 4154 enim,
284 4084 310 4143 si
321 4082 383 4143 istis
396 4083 438 4143 its
451 4082 559 4162 plecet,
573 4081 683 4143 crimen
693 4081 762 4155 boc)
775 4080 961 4141 confirmaret
975 4090 1005 4140 et
1018 4080 1176 4156 adjuvaret.
1217 4081 1279 4141 Ne·

182 4194 356 4257 que-meum
376 4185 514 4235 corsuum
527 4174 615 4253 fuisse
637 4174 761 4246 irritum,
776 4192 877 4232 omnes
898 4172 1055 4233 Christiani
1077 4174 1154 4232 orbis
1170 4173 1277 4232 scede-

183 4256 259 4339 mie,
273 4288 312 4327 ne
326 4267 460 4329 Gedibus
469 4266 589 4347 quidem
602 4266 744 4347 exceptis,
759 4277 913 4340 testentur,
926 4285 983 4325 nec
996 4265 1211 4346 proscriptionis
1225 4264 1277 4324 ini·

183 4360 330 4442 quissimae
349 4360 452 4438 injuris
470 4360 543 4423 meis
565 4360 850 4423 slucubrstiombus
867 4358 1001 4441 legendis
1021 4358 1175 4419 deterritoe.
1216 4358 1276 4439 By-
