2984 4917
201 316 262 382 brri
539 318 792 384 lllERONYbll
813 318 970 392 WOLFll

198 484 306 553 gnatas
316 482 402 535 notas
413 474 565 554 quasdem,
585 488 617 539 et
630 495 668 537 er
681 475 933 549 animaduersione
952 476 1213 558 uermrmiprue
1224 473 1310 555 (aad

74 564 82 571 ”
202 566 327 645 vestigia
342 566 492 646 impressa,
507 588 573 649 qum
587 569 652 631 illos
665 570 696 629 in
709 589 840 632 errorem
852 569 973 633 dutiae
985 569 1148 633 sideeubrr.
1188 570 1258 641 Qus
1269 566 1312 634 ds

199 678 234 722 re
248 658 317 719 slibi
331 660 380 737 egi
394 660 523 722 uberius.
565 662 655 723 Nunc
675 663 715 723 ad
729 664 941 744 manuscriptos
961 664 1082 735 codices
1100 662 1213 723 redeor
1233 660 1310 721 inter

201 766 275 829 quoa
295 750 330 824 is,
344 764 542 829 quemvestrs
556 755 742 816 Bibliotheca
761 756 971 835 suppeditavit,
993 755 1220 834 antiquissimus,
1235 764 1267 825 st
1279 751 1311 813 irr

201 842 348 921 plerisque
368 844 487 922 optimis
505 846 587 916 fidei,
611 848 654 907 sic
674 848 827 919 excelluit,
860 860 895 909 ot
914 849 1109 927 principstcm
1127 845 1184 909 sibi
1203 844 1311 907 mento

204 935 353 1001 vendicet.
394 938 462 1001 Quo
475 937 570 998 minus
583 949 681 999 sutem
703 940 907 1013 murillojam
920 940 1032 1018 pridem
1050 939 1168 1011 fuerim,
1189 937 1311 1007 minato
1390 962 1401 970 ·

119 1023 122 1031 '
204 1036 236 1087 et
248 1026 377 1087 exoletos
391 1026 492 1099 literae,
505 1045 588 1107 quas,
599 1048 657 1093 nec
671 1027 800 1107 speculis
812 1029 962 1102 edhibitir,
975 1030 1143 1110 perspicere
1155 1028 1250 1110 potui,
1259 1029 1313 1089 ol>

202 1118 353 1179 stiterunt.
395 1119 530 1179 Tandem
545 1120 576 1179 in
588 1134 717 1181 meatem
731 1119 812 1181 venit
826 1120 873 1180 M.
884 1122 1012 1183 Simonis
1026 1121 1162 1193 Fabricii,
1176 1120 1235 1184 rusi
1248 1119 1311 1181 col·

201 1212 291 1289 lsgoe,
305 1210 356 1273 viri
371 1209 542 1283 doctissimi,
556 1224 588 1271 et
600 1212 631 1271 in
642 1212 755 1273 (trecis
768 1211 860 1271 literis
878 1212 1119 1286 exercitatissimi,
1130 1232 1230 1292 quem,
1243 1230 1312 1283 con

206 1303 269 1363 scie
284 1301 436 1363 oculorum
451 1323 510 1362 non
523 1304 627 1376 minus,
638 1324 727 1385 quam
739 1304 850 1383 ingenii
862 1305 1000 1367 acumine
1011 1306 1125 1387 pollere
1137 1306 1253 1377 scirem,
1266 1323 1315 1365 ro·

202 1393 282 1473 gari,
301 1404 334 1453 ut
348 1392 510 1473 periculum
524 1394 647 1468 luceret,
662 1396 816 1476 numquid
830 1396 1062 1459 exillofruotus
1083 1416 1190 1479 cepere
1211 1416 1314 1477 posea-

204 1502 280 1547 mus.
321 1485 357 1545 In
371 1505 431 1565 quc
446 1486 506 1559 ille,
520 1508 575 1567 pro
594 1500 695 1550 nostre
712 1489 939 1562 necessitudine,
953 1490 1088 1551 alueriter
1108 1508 1222 1551 morem
1239 1488 1311 1549 milu'

204 1578 306 1655 gessit,
328 1589 525 1657 susceptoque
549 1581 681 1661 negotia,
708 1590 823 1641 tanturm
846 1582 984 1642 volumen
1007 1582 1163 1643 celeritate
1188 1580 1312 1641 mirahih

206 1670 342 1750 perlegit,
361 1680 393 1729 et
411 1670 547 1749 singrdari
568 1673 728 1751 sagacitate
749 1692 854 1733 omnes
872 1675 1029 1742 varietates
1042 1672 1245 1753 deprehendit,
1259 1691 1314 1733 no·

204 1762 289 1839 tevit,
304 1764 461 1843 excerpsit,
474 1764 655 1843 marginibus
669 1764 804 1844 impressi
824 1764 933 1825 codicis
953 1765 1120 1845 adscripsit,
1134 1764 1243 1825 additia
1258 1763 1316 1825 eti·

207 1872 255 1927 stu
269 1856 395 1929 scholiis,
417 1878 484 1936 quse
506 1876 566 1917 ncn
587 1858 712 1935 ingrata,
734 1876 831 1937 neque
853 1858 968 1917 inutilia
989 1866 1054 1925 reio,
1068 1859 1230 1937 prhdhhqrrr
1247 1856 1315 1919 fere

206 1968 302 2030 spero.
343 1950 403 2017 Qui
425 1966 484 2009 una
504 1968 620 2009 mecum
635 1960 696 2009 tsm
709 1948 788 2009 illius
800 1948 1063 2028 industrioe,quam
1076 1960 1182 2009 vestre
1202 1948 1316 2018 bened·

208 2046 316 2111 sentim
328 2065 361 2105 se
375 2044 486 2104 debere
500 2043 677 2103 fatebuntur.
718 2042 791 2102 Erat
804 2042 854 2103 hic
867 2042 978 2121 aliquid
991 2043 1150 2103 dicendum
1163 2042 1203 2103 de
1222 2040 1316 2101 leutii·

208 2138 264 2199 hus
274 2135 494 2207 Demosthenis,
509 2134 564 2193 nisi
578 2136 602 2195 is
617 2134 724 2214 etipse
738 2133 841 2195 lectori
854 2136 899 2195 sui
911 2134 1044 2194 studioso
1056 2134 1176 2195 abunde
1190 2152 1222 2195 se
1233 2152 1315 2198 cam·

207 2228 370 2298 mendaret,
386 2238 417 2287 et
427 2227 457 2285 in
470 2236 586 2307 promtu
600 2238 698 2287 essent
713 2227 867 2288 Ciceronis
884 2238 917 2287 et
934 2226 1059 2287 aliorum
1073 2227 1113 2287 da
1132 2226 1184 2285 illo
1203 2225 1311 2303 slogio,

208 2330 240 2379 et
253 2337 348 2379 meam
361 2318 512 2387 infantiam
525 2320 578 2379 riri
592 2320 821 2399 eloquentissimi
834 2330 865 2380 et
883 2318 1068 2379 celeberrimi
1077 2318 1206 2388 'cleriter
1224 2336 1315 2397 repa-

207 2411 313 2471 disret.
353 2412 454 2473 Unum
475 2411 561 2491 igitur
581 2413 641 2473 hoc
660 2423 805 2493 superest,
826 2412 994 2491 amplissimi
1011 2411 1075 2483 riri,
1089 2411 1197 2471 domini
1216 2422 1248 2471 at
1260 2430 1314 2489 ps·

207 2502 285 2563 trcrd
306 2503 433 2575 colendi,
452 2524 504 2565 vos
518 2516 552 2563 ut
572 2525 666 2581 orem,
689 2516 723 2564 ut
743 2515 920 2582 postremum
933 2505 990 2565 hoc
1009 2525 1084 2587 opus
1102 2524 1211 2575 meum,
1231 2506 1314 2583 quod

207 2595 345 2674 epitaphii
360 2597 426 2658 loco
438 2597 508 2657 mibi
522 2616 587 2657 esse
601 2598 678 2668 volo,
692 2602 773 2671 (nam
786 2596 811 2657 si
824 2616 882 2675 qua
893 2597 969 2658 forte
991 2598 1048 2657 alia
1066 2609 1170 2657 secute
1191 2598 1314 2670 fosnor,

206 2704 244 2747 as
256 2686 328 2745 nihil
341 2688 450 2749 adhoc
470 2707 535 2749 esse
556 2690 748 2762 videbuntur)
771 2689 833 2768 pari
851 2687 1030 2751 humanitote
1050 2690 1188 2769 accipere
1210 2690 1314 2768 digne·

206 2779 286 2852 mini,
312 2800 371 2861 qua
393 2770 620 2841 commentarios
644 2800 726 2841 meos
754 2780 1012 2841 Ciceronianorum
1035 2782 1210 2854 libellorum,
1234 2800 1316 2843 anuo

207 2872 318 2937 abhinc
338 2874 474 2954 septimo,
495 2885 602 2935 restrre
617 2873 806 2934 bibliothecae
824 2874 981 2953 splendore
1001 2894 1062 2934 non
1082 2874 1217 2953 indignos
1234 2873 1314 2951 judi·

207 2967 315 3029 autur
336 2985 443 3046 meque
476 2966 638 3038 ministrum
663 2976 791 3026 vestrum
814 2976 847 3025 et
866 2966 1006 3026 clientem
1027 2965 1314 3027 observantissimum

206 3059 441 3139 (ingravescente
453 3069 552 3129 etate,
566 3069 597 3118 et
609 3057 788 3126 ualetudine,
803 3068 837 3117 ut
852 3056 939 3128 solet,
949 3057 1074 3119 subinde
1087 3059 1266 3127 labescente,
1281 3068 1315 3117 et

205 3160 312 3214 mente
324 3149 355 3209 in
368 3148 507 3223 deterius)
521 3149 759 3209 commendatum
779 3148 890 3207 habere
909 3148 1056 3225 pergatis:
1078 3150 1116 3209 ab
1136 3168 1231 3226 eoque
1253 3148 1313 3209 mei

206 3225 387 3325 defendendi
400 3240 582 3320 emendique
596 3240 702 3309 studio,
720 3258 779 3297 neo
798 3250 850 3297 ast
869 3238 1031 3299 invidorum
1051 3240 1213 3310 edumniis,
1226 3247 1316 3318 (qun

207 3332 272 3413 quis
293 3350 419 3412 unquam
441 3352 547 3401 cerere
571 3328 664 3411 potuit
674 3332 702 3408 l)
726 3340 779 3391 aut
799 3330 1000 3409 imperitorum
1021 3331 1170 3391 hominurn
1194 3332 1313 3411 ineptiis

207 3428 293 3507 (quas
304 3446 325 3487 a
337 3426 480 3505 greritste
493 3436 526 3486 et
540 3424 681 3503 sapientis
694 3434 792 3485 vestra
810 3423 922 3502 negligi
935 3435 966 3483 et
980 3424 1125 3503 repudiari
1138 3437 1222 3486 certo
1236 3428 1314 3505 scio)

207 3518 422 3581 deterreamini.
464 3518 530 3579 Etsi
543 3518 620 3577 enim
633 3517 711 3596 apud
725 3514 880 3575 nonnullos
899 3517 1057 3595 prementia
1068 3536 1145 3595 mea,
1159 3531 1191 3578 et
1204 3520 1314 3599 simpli·

207 3611 390 3691 utramque
406 3612 443 3672 eb
455 3610 649 3671 corrutione
663 3619 694 3669 et
707 3626 816 3687 pompa
827 3608 987 3679 abhorrens
1001 3611 1125 3683 animus,
1133 3612 1253 3692 sitaque
1265 3632 1314 3675 so·

206 3703 312 3776 literis,
326 3702 460 3765 minum
471 3702 595 3765 famem:
618 3712 718 3765 tamen
732 3720 789 3763 nec
802 3714 913 3763 exsere
926 3703 1061 3767 nationes
1077 3704 1315 3784 Wolfiomigno-

206 3804 282 3866 mot,
296 3804 328 3855 et
341 3794 452 3875 posteri
472 3793 574 3863 acient,
595 3802 626 3853 et
644 3790 767 3853 authori
784 3797 921 3868 jnrenes,
945 3794 1087 3873 doctique
1109 3793 1250 3866 homines,
1263 3812 1315 3855 ve
1367 3834 1371 3839 -

208 3898 298 3949 stram
310 3887 341 3949 in
354 3906 402 3949 me
416 3886 621 3973 liberalitatem
642 3904 678 3947 ec
696 3884 920 3947 bnefioentiam
934 3887 1135 3948 celebrabunt.
1176 3888 1245 3959 Quo
1258 3887 1312 3947 mi

207 3998 263 4041 uus
282 3988 380 4041 sutem
399 3998 505 4039 munus
524 3980 582 4039 hoc
596 3998 692 4039 mcum
705 3979 743 4039 eb
758 3977 950 4059 amplitudine
963 3990 1062 4041 restra
1079 3977 1263 4058 repudiatum
1277 3978 1312 4041 iri

207 4082 352 4153 putarem,
364 4090 433 4135 cum
444 4084 543 4133 restra
554 4070 719 4141 humanitas
732 4070 814 4141 lacit,
827 4070 870 4131 D.
879 4071 973 4131 Paulo
985 4082 1101 4143 autore,
1113 4080 1194 4132 mota
1206 4070 1312 4145 uirtus,

207 4176 241 4231 ut
254 4182 320 4227 eaor
332 4164 364 4225 io
377 4164 446 4227 Deo
457 4164 530 4247 Ops.
544 4164 631 4227 Mer.
646 4184 713 4225 curn
726 4164 826 4245 primis
839 4164 982 4235 celebres,
994 4174 1057 4225 tum
1069 4164 1247 4243 collegarum
1261 4182 1313 4225 ro

207 4270 333 4326 motum
346 4258 455 4321 DDD.
469 4258 607 4321 Matthei
621 4256 758 4330 Wblseri
773 4258 817 4317 lo.
833 4256 977 4336 Baptistsr
991 4253 1149 4329 Haioselii,
1172 4256 1216 4316 lo.
1231 4254 1311 4319 Mra

206 4350 277 4413 rhei
290 4350 438 4425 Stamleri,
457 4350 704 4413 ornatissimorum
723 4350 863 4425 virorum
884 4368 982 4430 neque
1003 4368 1022 4409 a
1035 4349 1132 4410 Musis
1152 4358 1184 4409 et
1197 4347 1312 4411 Gratiis

206 4442 434 4523 ύΙΙοΜΕυω,
449 4445 600 4521 tulerim,
614 4442 788 4523 consiliique
801 4439 859 4505 mei
871 4440 1086 4521 comprobatio.
1125 4440 1244 4515 valete,
1255 4460 1310 4521 pop
