2984 4917
220 296 319 359 erxrnn
561 250 975 359 aarsmr'rnmrnmo

222 450 328 510 aliene
340 448 409 511 fidei
421 440 622 521 committere..
659 450 809 531 Quicquid
822 463 869 513 est
881 448 1052 531 gensinus,
1062 446 1323 533 psnleherrinsiapue

222 554 254 604 en
266 544 347 604 lanto
359 542 529 622 planissimis
542 544 634 605 literis
648 557 695 605 est
707 558 788 607 roms
801 541 1014 607 exuensnisi
1026 543 1106 623 qmd
1124 555 1322 609 mmmmm

220 636 394 715 plerumque
404 635 544 695 flavescit.
552 656 611 715 qno
619 638 655 699 iis
668 652 700 698 ut
713 638 753 699 ad
765 637 915 704 incernam
924 636 1037 715 legenti
1048 636 1120 695 nihii
1133 638 1321 717 perspicuam

221 738 370 806 appareat.
416 727 464 787 De
484 747 571 787 sensu
594 729 718 809 quisque
739 750 795 791 sno
814 731 934 810 quidem
957 728 1041 789 testis
1064 739 1114 788 est
1131 730 1320 798 samninus.

222 820 359 898 Ego,qui
372 838 474 899 parum
487 820 579 879 oculis
592 822 714 893 samm,
730 834 762 883 et
775 824 876 884 nescio
890 842 928 882 eo
937 821 1243 901 minussthnqnsm
1255 824 1321 904 ipsa

220 911 313 984 wolf,
327 913 364 1001 de
378 911 425 971 die
438 922 537 971 tamen
549 914 628 973 hunc
651 917 858 993 Augustanum
879 916 1024 993 codicem,
1036 914 1238 977 ducentesimo
1255 918 1321 978 fers

220 1016 289 1084 post
300 1014 433 1084 quartam
448 1004 622 1066 woiisnan
638 1007 844 1068 Demosthenis
862 1007 1020 1067 editionum
1040 1026 1127 1079 anno,
1139 1007 1199 1087 legi
1214 1010 1322 1088 pinnis.

221 1098 304 1159 time.
334 1096 455 1157 Scholia
467 1107 564 1156 nutem
575 1098 654 1159 iliius
661 1101 775 1159 codicia
785 1112 856 1160 anot
865 1100 916 1160 iiis
924 1100 1043 1179 quidem
1053 1101 1092 1159 ah
1103 1102 1210 1161 eadem
1219 1122 1320 1176 meno,

221 1189 312 1251 literis
325 1190 364 1249 ad
377 1190 500 1248 formam
515 1190 631 1269 quidem
645 1190 795 1263 similibus,
806 1193 859 1261 sed
871 1192 1182 1266 multominminsimis,
1203 1206 1236 1254 et
1248 1215 1319 1260 cnm

221 1282 500 1361 compendiisionge
510 1282 639 1361 plurimis
651 1294 741 1362 atque
752 1282 970 1343 intricatissimis
980 1295 1110 1344 curate.
1151 1284 1212 1345 Sed
1225 1285 1321 1347 dehis

219 1376 406 1454 postmodum
421 1395 474 1435 sno
487 1376 563 1445 loco,
585 1396 653 1436 cum
663 1376 701 1436 de
712 1378 769 1435 hoc
779 1378 884 1437 codice
892 1380 1068 1457 Augustani>
1078 1376 1209 1456 pluribus
1220 1398 1319 1458 agant

220 1468 352 1527 Diversis
360 1467 442 1527 hisce
452 1466 626 1527 lectionibus
635 1466 742 1529 codicis
753 1469 919 1549 Augustani
927 1470 1062 1545 sabjecta
1070 1479 1140 1528 aunt
1147 1470 1178 1529 in
1189 1470 1318 1531 editiom

221 1558 368 1619 Wolfiens
388 1558 499 1617 scholia
516 1560 650 1635 ejusdem
664 1560 776 1621 codicis
782 1580 809 1621 a
821 1582 851 1640 p.
864 1566 933 1623 199.
946 1560 985 1619 ad
1001 1565 1068 1622 199.
1083 1579 1150 1620 cnm
1163 1562 1253 1623 iatine
1271 1564 1317 1623 io·

219 1651 427 1730 terpretatione
442 1650 558 1721 Wolfri,¹
575 1652 679 1729 quibus
701 1652 740 1712 de
760 1653 887 1713 scholiis.
899 1653 970 1712 item
989 1653 1119 1731 pluribus
1139 1656 1228 1735 paulo
1251 1668 1320 1736 port

220 1763 378 1824 exponam.
420 1743 549 1805 Proefisit
568 1743 605 1803 iis
624 1744 702 1804 hano
719 1736 922 1823 prefationem
935 1745 1061 1805 Wolfins
1072 1780 1113 1791 —
1127 1747 1164 1806 In
1175 1750 1235 1807 fine
1247 1749 1317 1809 heac

218 1838 331 1899 scholia
344 1838 374 1896 in
386 1839 448 1917 περὶ
460 1838 597 1917 στεφάνου
611 1848 730 1897 exstant
747 1837 778 1895 in
796 1837 956 1898 Lutatiana
971 1838 1092 1899 codice.
1109 1840 1180 1919 (hoe
1193 1852 1240 1900 eet
1252 1842 1317 1899 edi·

218 1933 299 1991 tione
314 1930 465 2004 Parisino).
506 1929 543 1986 In
558 1927 792 2008 παραπρεσβείαν
811 1940 843 1989 et
863 1930 1032 2009 rspospdrns
1054 1931 1156 2011 partim
1178 1950 1216 1991 ex
1231 1933 1318 2013 Ulpi-

215 2045 277 2085 ano
294 2024 435 2103 decerpta
446 2040 520 2093 esse,
533 2020 638 2098 partim
659 2021 689 2079 in
710 2020 828 2081 scholiis
847 2022 1010 2088 Lutetisnis
1034 2035 1152 2083 exstare
1168 2024 1316 2089 ridentur.

218 2137 308 2197 quare
322 2116 411 2175 nolim
426 2124 538 2173 certum
550 2112 681 2173 laborem
695 2132 802 2195 capere
814 2114 928 2175 incerto
941 2115 1048 2177 fructa.
1089 2117 1168 2177 Haeo
1179 2118 1316 2179 wolfius

219 2208 409 2289 Expediebat
419 2220 528 2277 nmen,
540 2207 652 2285 opinor,
662 2206 757 2267 saltim
766 2208 924 2281 varietates
936 2209 1069 2268 iectionis
1083 2209 1113 2267 in
1126 2209 1172 2270 his
1184 2210 1315 2283 scholiis,

215 2322 284 2382 qnae
298 2311 397 2361 essent
410 2300 441 2359 in
454 2303 637 2378 Augnsmnn,
651 2300 676 2361 si
689 2320 756 2381 quse
772 2300 972 2383 discreparent
991 2300 1135 2362 lectiones
1147 2323 1168 2363 s
1179 2302 1316 2365 tunnas

215 2396 270 2465 nis,
285 2394 380 2475 prodi.
1078 2436 1082 2446 ,

257 2487 394 2566 Denique
413 2485 576 2546 succedunt
594 2486 682 2546 rarise
700 2486 843 2548 lectiones
866 2487 897 2547 in
917 2487 978 2547 sits
991 2486 1196 2547 Demosthenis
1208 2508 1230 2548 a
1242 2489 1315 2549 Plo·

215 2580 318 2641 tsrcho
328 2579 493 2659 descriptas
513 2578 654 2656 inquibus
663 2580 697 2639 F.
707 2579 738 2638 id
747 2580 925 2657 estsortosre
934 2579 1064 2656 additur,
1075 2579 1232 2639 Woifiama
1245 2602 1315 2643 coa

209 2680 334 2750 jecturre
346 2686 423 2745 sunt,
434 2685 542 2733 ceterae
552 2672 719 2732 Lutetiaaae
732 2672 854 2733 editioni
863 2684 997 2752 accepte
1012 2672 1187 2733 referantur.
1197 2674 1258 2753 (hie
1266 2686 1314 2735 est

213 2770 315 2829 titulus
334 2788 352 2829 a
370 2766 479 2826 Wolfio
499 2765 706 2845 praescriptus.)
725 2767 962 2827 annotationibus
985 2766 1025 2825 ed
1048 2764 1312 2846 Pseudopiutarchi

204 2865 302 2924 'ritem
317 2859 527 2921 Demosthenis
547 2860 625 2919 nnnc
644 2859 782 2938 premisit
796 2858 883 2919 Wolf
897 2857 1131 2919 annotationem
1152 2870 1226 2937 quot
1245 2860 1313 2920 loca

213 2956 243 3015 in
257 2958 315 3016 hoc
329 2954 469 3035 opusculo
484 2954 625 3031 εὐστόχως
647 2953 873 3024 emendaverint,
888 2962 1011 3011 testetur
1024 2951 1176 3011 conversio
1189 2972 1265 3023 meo,
1279 2963 1312 3013 et

212 3048 364 3127 specimen
372 3043 635 3105 Demosthenicum
647 3044 683 3103 A.
694 3049 783 3105 1569.
794 3043 915 3103 editum.
929 3054 1037 3103 caetera
1049 3042 1138 3123 hujus
1149 3044 1209 3105 ioci
1220 3066 1313 3125 snpra

211 3138 308 3210 retuli,
324 3134 831 3215 cumdelrocspecimineegerenr.
1035 3196 1041 3203 ,

254 3228 316 3289 Hic
331 3241 377 3289 est
389 3236 549 3307 apparatus
564 3226 683 3285 criticas
696 3226 871 3296 Wolfisons,
890 3224 993 3304 ingens
1010 3226 1131 3307 quidem
1152 3227 1212 3301 ille,
1226 3239 1257 3289 et
1270 3230 1311 3289 ed

213 3321 424 3385 emendandum
440 3318 671 3379 Demosthenem
686 3318 817 3400 inprimis
835 3318 925 3388 utilia,
945 3318 1007 3390 sed,
1022 3330 1220 3400 ornament,
1236 3322 1311 3382 nniii

212 3416 288 3476 asni.
330 3413 444 3473 Stultus
456 3410 495 3471 sit
508 3411 602 3472 lector
614 3430 737 3473 necesse
751 3423 807 3485 est,
821 3410 916 3492 quiid
933 3410 1035 3485 faciat,
1047 3411 1126 3490 quod
1140 3413 1245 3474 editori
1258 3434 1311 3475 ne·

210 3507 338 3571 cemerio
352 3516 399 3567 est
411 3503 587 3575 faciendum,
598 3516 631 3565 nt
641 3518 702 3565 tam
716 3504 839 3566 diversis
850 3506 881 3563 in
891 3504 964 3564 locis
976 3524 1101 3584 sparsas,
1115 3504 1215 3565 decies
1225 3526 1311 3587 repe-

210 3602 279 3662 titas
292 3600 411 3661 easdem
423 3596 566 3657 lectiones
580 3598 709 3678 indaget,
724 3598 814 3659 nullis
826 3617 924 3677 neque
936 3596 1119 3677 paginarum,
1132 3616 1231 3678 neque
1244 3619 1311 3659 sen·

211 3714 297 3755 suum
320 3690 397 3751 notis
421 3690 560 3769 signatas,
580 3691 609 3751 in
629 3693 736 3771 quibus
762 3690 949 3770 indagandis,
970 3688 1085 3750 mmetsi
1105 3690 1310 3769 missimimnm

212 3807 285 3867 opus
294 3786 393 3847 decies
406 3784 547 3858 revolvat,
561 3796 660 3845 tamen
673 3786 903 3866 integreshoras
913 3782 1027 3863 perdat.
1060 3782 1148 3863 Soepe
1160 3800 1218 3861 ego
1232 3784 1310 3844 mela

210 3881 302 3940 mults
324 3876 366 3937 fni
385 3878 559 3957 imprecatus
575 3879 613 3948 ei,
631 3879 679 3939 cni
697 3888 757 3941 tem
771 3896 873 3938 vecors
893 3886 925 3937 et
939 3875 1084 3935 fanornm
1102 3874 1256 3936 consiliam
1277 3878 1307 3936 in

208 3984 338 4033 mentem
351 3970 489 4041 senit,'ht
500 3970 557 4029 hoc
571 3970 661 4031 modo
674 3971 824 4052 patientiae
837 3970 981 4031 lectorum
995 3966 1142 4027 illuderet.
1174 3966 1308 4029 Demea·

207 4066 278 4125 tiam
292 4062 362 4125 eatis
376 4062 471 4123 mirari
485 4083 544 4123 non
558 4084 685 4144 pomum.
726 4062 851 4123 Insnmit
862 4062 993 4123 laborem
1007 4080 1066 4121 non
1080 4078 1202 4141 parrum
1213 4061 1309 4123 variae

206 4161 272 4221 illas
282 4169 327 4220 tot
335 4158 479 4218 lectiones
490 4159 686 4237 congerendis
707 4160 770 4219 sine
780 4156 879 4228 dubio,
889 4175 950 4235 quo
959 4155 1086 4217 lectores
1093 4154 1129 4215 iis
1139 4165 1309 4225 uterentur.;

207 4253 329 4333 exponit
342 4270 402 4318 eas,
417 4250 468 4309 sed
482 4250 535 4322 sic,
549 4262 582 4309 ut
595 4270 682 4311 nemo
694 4250 785 4311 danti
798 4260 971 4329 queat-quo
983 4249 1048 4329 ipse
1060 4266 1126 4307 rese
1139 4266 1200 4307 sora
1213 4258 1306 4307 unte

205 4366 305 4426 operte
318 4345 416 4405 fructu
429 4343 561 4423 privavit,
582 4362 697 4421 unaque
717 4355 853 4403 emtores.
895 4341 1023 4403 Perinde
1042 4360 1123 4401 nnnc
1141 4350 1203 4409 est,
1226 4340 1307 4417 acsi

205 4440 292 4517 piane
307 4437 378 4497 nihii
392 4436 563 4498 variantium
584 4436 731 4495 edidisset
774 4434 876 4515 Digeri
890 4434 956 4498 hec
968 4434 1134 4516 oponehst,
1149 4442 1306 4511 σαιωφκ
