2984 4917
228 340 349 406 cxxxvi
584 336 988 423 amsminaasririo

228 516 324 559 sarum
345 494 505 555 editionum
523 506 621 555 sumta
634 497 790 558 videantur
809 514 887 557 esse.
906 495 1040 554 universa
1059 494 1206 574 posterius
1226 496 1347 558 exetnn'.

228 590 310 671 plum
331 587 418 668 priori
442 598 488 645 est
508 587 701 649 emendatius.
743 589 820 648 Sunt
840 598 940 648 tamen
960 588 1020 647 loci
1041 587 1161 667 quidam
1181 606 1280 650 rursus
1301 587 1334 649 ia

226 682 323 763 priore
338 679 561 751 emendatiores,
576 699 665 760 qnam
678 682 708 740 in
724 680 887 760 posteriori.
900 687 967 759 post
985 679 1065 739 illam
1086 691 1160 740 orat.
1174 700 1229 760 pro
1247 680 1332 741 trier-

229 773 345 835 archica
359 791 467 833 corona
481 771 610 851 sequitur
624 791 667 835 or.
685 774 715 832 in
729 772 938 833 Macartatum.
951 772 982 830 in
999 770 1183 832 Leocharen.
1195 772 1229 831 in
1245 772 1334 832 Boeo·

230 876 293 927 tum
307 865 345 924 de
359 864 487 938 nomine,
508 875 570 925 tum
584 865 622 925 de
636 864 716 925 dote.
730 865 761 923 in
775 864 925 944 Spudiam.
940 864 971 923 iu
985 862 1183 925 Timotheum.
1197 864 1229 923 in
1244 863 1340 925 Nico-

231 968 365 1019 stratum.
384 958 414 1017 in
435 956 638 1037 Phaenippum.
673 957 705 1017 in
718 958 881 1037 Polyclem.
922 956 955 1015 in
969 956 1156 1017 Eubulidem.
1188 958 1221 1016 in
1234 957 1334 1017 Theo·

231 1050 352 1111 crinem.
392 1050 423 1109 in
437 1049 625 1129 Evergumet
639 1050 851 1112 Mnesibulum.
893 1048 955 1109 Sed
963 1049 1048 1124 hujus
1056 1049 1335 1109 adestsolnmmodo

231 1142 354 1202 initium.
395 1140 477 1202 Ordo
491 1142 521 1201 iu
536 1142 703 1221 digerendis
717 1153 805 1202 oratt.
818 1139 909 1216 Dem,
922 1149 1071 1219 spectatus
1091 1141 1130 1201 ab
1142 1139 1201 1200 hoc
1217 1139 1337 1201 librario

231 1244 284 1295 aut
298 1233 394 1293 nullus
409 1244 464 1305 est,
480 1244 531 1293 eut
545 1244 625 1293 certe
642 1253 743 1313 parum
756 1232 890 1311 diligens.
931 1232 1032 1291 Primo
1051 1233 1118 1293 loco
1129 1232 1228 1311 posuit
1240 1232 1337 1312 Olyn-

233 1326 357 1405 thiaces,
378 1336 439 1383 tum
460 1324 642 1405 philippicas,
666 1324 774 1387 deinde
795 1324 940 1403 publicas,
955 1342 1079 1403 quarum
1100 1324 1196 1403 prima
1212 1323 1270 1383 fait
1288 1342 1337 1386 ra·

233 1418 316 1478 tione
327 1417 432 1489 estatis,
446 1428 478 1476 et
496 1418 534 1476 ab
549 1418 674 1498 antiquis
688 1419 783 1498 primo
795 1417 870 1475 ioco
879 1414 976 1496 posita
987 1414 1041 1476 illa
1056 1415 1089 1475 in
1102 1415 1339 1487 Androtionem3

236 1509 363 1586 denique
378 1509 513 1587 privatas,
534 1508 587 1568 sed
605 1512 782 1588 privatamm
799 1526 897 1567 rursus
915 1516 984 1566 sunt
1002 1506 1114 1586 aliquot
1133 1508 1252 1578 classes,
1266 1527 1341 1586 quas

234 1604 310 1662 inter
330 1619 363 1660 se
377 1598 548 1678 permiscuit
561 1600 694 1661 librarius
709 1600 879 1679 Augustani
900 1597 1021 1657 codicis.
1062 1597 1191 1677 Ingessit
1210 1598 1288 1661 enim
1307 1600 1340 1657 ia

235 1690 346 1752 medias
362 1692 428 1758 τοὺς
443 1689 707 1769 συμβουλευτικούς.
749 1691 917 1760 Veteres,s
937 1708 1059 1768 quornm
1078 1689 1169 1751 modo
1188 1689 1339 1751 dividendi

237 1782 419 1860 recessimus,
432 1782 474 1841 ite
484 1782 621 1843 solebant
634 1782 781 1843 orationes
794 1782 883 1842 Dem.
898 1780 1079 1853 distribuere,
1092 1802 1159 1862 qnae
1173 1782 1339 1845 distributio

237 1885 355 1937 servata
373 1885 419 1935 eat
435 1874 464 1933 in
478 1874 623 1934 Bavarico
637 1873 752 1952 codice,
766 1882 800 1932 ut
812 1871 876 1933 alie
896 1883 995 1933 essem
1006 1876 1091 1949 λόγοι
1102 1874 1278 1950 ὀλυνθιοκοὶ,
1289 1875 1340 1936 alii

238 1970 405 2051 φιλιππικοὶ,
428 1966 478 2026 alii
504 1964 746 2045 συμβουλευτικοὶ,
769 1964 818 2025 alii
842 1964 978 2044 δημόσιοι,
1002 1965 1052 2025 alii
1069 1971 1265 2047 προγραφαὶ,
1290 1958 1354 2029 8Ιυί

234 2062 419 2141 ¹dortrpoautoi,
442 2058 490 2117 alii
513 2058 651 2127 idturitot'.
693 2060 770 2127 Quae
787 2056 1064 2136 sintiolynthiwe,
1079 2079 1145 2137 quae
1159 2060 1339 2139 Philippica,

240 2172 309 2213 cum
328 2159 444 2213 constet
456 2150 533 2210 inter
547 2169 657 2223 omnes,
678 2151 719 2209 nil
734 2150 840 2211 attinet
852 2149 960 2222 dicere,
982 2151 1009 2209 oi
1030 2149 1258 2231 συμβουλευτικοὶ
1270 2164 1340 2213 sunt

241 2247 303 2323 περὶ
326 2248 491 2316 συντάξεως.
511 2246 574 2325 περὶ
595 2252 769 2322 συμμοριῶν.
791 2243 864 2321 ὑπὲρ
882 2245 1131 2320 μεγαλοπολιτῶν.
1150 2245 1220 2325 trip
1241 2244 1341 2325 ῥοθίων

240 2334 412 2416 ἐλευθερίας.
423 2338 484 2415 rapi
497 2345 553 2395 τῶν
566 2336 636 2415 πρὸς
650 2334 822 2416 ἂλέξαυδρον
836 2332 993 2405 carbaseis·
1034 2334 1191 2399 Orationes
1204 2338 1235 2397 in
1245 2338 1340 2399 musis

241 2427 363 2510 publicis
377 2428 466 2489 dictae
476 2438 553 2499 sunt,
575 2429 606 2489 in
623 2428 767 2489 baterico
785 2426 904 2508 quidem
917 2426 1022 2489 codice
1033 2427 1090 2501 hoe,
1112 2440 1142 2490 et
1153 2429 1214 2489 hoc
1223 2430 1339 2492 ordine.

242 2526 315 2583 soris
336 2520 532 2605 drdporiuroc.
552 2524 614 2601 περὶ
632 2528 681 2582 τοῦ
702 2527 851 2601 nephros.
869 2522 930 2599 περὶ
946 2534 996 2592 τῆς
1009 2520 1253 2601 παραπρεσβείας.
1270 2523 1341 2603 πρὸς

242 2618 388 2686 hemitur.
411 2616 481 2673 ecrit
501 2612 619 2693 pudico.
639 2616 710 2671 κατὰ
722 2612 948 2691 ἀριστοκρύτουο.
968 2618 1039 2673 κατὰ
1056 2620 1250 2692 τιμοκράτους.
1269 2620 1343 2676 card

242 2708 482 2785 ἀριστογείτονος.
525 2702 685 2782 Epitropici
695 2714 773 2775 sunt,
787 2722 840 2763 seu
854 2703 892 2763 de
902 2704 1041 2781 gestasui
1054 2704 1159 2775 tutela,
1174 2716 1261 2767 oratt.
1274 2706 1343 2769 duo

243 2796 274 2859 iu
293 2797 466 2877 Aphobum,
486 2814 540 2875 pro
551 2796 668 2877 ¹Phano,
689 2804 720 2855 et
736 2794 803 2854 dus
815 2794 846 2854 in
865 2794 1040 2856 Onetorem.
1079 2796 1275 2877 Peragraphe
1286 2817 1342 2861 seu

244 2890 436 2970 exceptoria,
456 2889 561 2970 quibus
574 2888 757 2962 defenditur,
775 2908 895 2951 caussm
915 2889 954 2950 ad
965 2888 1062 2949 forum
1080 2890 1208 2963 omnino,
1230 2903 1283 2952 mit
1302 2892 1343 2953 ad

244 2982 302 3045 hcc
321 2982 429 3053 torum,
444 2999 502 3041 non
523 2999 610 3061 posse
623 2982 732 3055 vocari,
754 2992 823 3041 sunt
841 2982 899 3052 has,
915 2981 946 3041 in
965 2981 1169 3056 Zenothemin,
1182 2982 1214 3043 in
1227 2985 1344 3062 Apatur

243 3074 329 3147 rium,
342 3075 373 3134 in
384 3075 601 3151 Phormionem,
611 3074 813 3151 inLacritum,
827 3094 881 3154 pro
889 3075 1077 3149 Phormione,
1086 3076 1117 3135 in
1127 3077 1342 3151 Pauttenetum,

244 3167 276 3227 in
287 3167 527 3227 Nausimachum.
569 3167 688 3229 ldiotici
701 3188 754 3228 seu
768 3168 807 3227 de
820 3168 914 3229 causis
934 3168 1052 3247 privatis
1071 3178 1192 3247 agentes
1211 3183 1280 3231 sunt
1295 3189 1344 3230 re

244 3258 333 3338 liquae
347 3278 458 3319 omnes.
501 3258 562 3319 Hic
576 3269 622 3320 est
635 3258 708 3319 ordo
722 3259 834 3321 codicis
849 3260 991 3333 Bavarici,
1007 3281 1068 3323 non
1088 3251 1206 3322 omniuo
1225 3261 1343 3325 limatus

245 3350 296 3411 ille
313 3350 444 3429 quidem,
460 3360 592 3411 vetustus
605 3362 715 3435 tamen.
756 3352 867 3415 Melius
880 3364 979 3413 umen
998 3354 1194 3432 Augustanus,
1214 3356 1296 3433 qnod
1312 3354 1344 3417 ia

246 3443 343 3523 capite
357 3445 532 3523 privatarum
546 3462 699 3504 caumrum
718 3443 876 3502 orationem
895 3446 927 3503 in
941 3446 1094 3506 Cononem
1110 3446 1219 3525 posuit.
1259 3447 1344 3508 Sole·

247 3536 319 3596 bant
343 3536 420 3597 enim
444 3547 567 3607 veteres,
587 3545 622 3594 ut
643 3533 827 3614 publicarum
847 3533 970 3614 primam
991 3538 1071 3616 loco,
1095 3557 1155 3597 non
1175 3540 1346 3617 prestantia

247 3626 417 3707 principem,
434 3626 534 3687 facere
550 3624 795 3698 Androtioneam,
816 3626 860 3686 sic
877 3628 1052 3708 privatarum
1071 3627 1102 3687 in
1122 3630 1219 3709 capite
1231 3651 1344 3713 ponere

248 3719 429 3787 Conaneam,
445 3728 478 3777 ut
497 3718 625 3783 omnium
649 3737 689 3778 ex
710 3718 768 3783 hac
789 3720 883 3779 classe
901 3719 1118 3782 nobilissimam.
1160 3722 1238 3784 uec
1251 3742 1346 3803 pauca

248 3812 287 3873 de
299 3808 402 3869 ordine
416 3808 577 3871 orationum
592 3809 680 3873 Dens.
702 3822 792 3891 atque
805 3810 1007 3875 distributione
1020 3812 1143 3875 inlibris
1157 3816 1280 3876 vetustis
1292 3818 1345 3877 ob·

247 3902 371 3964 tinente.
411 3900 500 3962 Nunc
523 3902 613 3985 redeo
638 3902 675 3963 sd
702 3902 815 3983 reliqna
837 3905 1066 3982 exsequendum,
1087 3925 1154 3984 qum
1176 3906 1215 3967 de
1239 3908 1345 3969 codice

249 3996 426 4073 Augustano
450 3992 574 4060 dicenda
594 4007 761 4074 supersunt.
804 3996 933 4057 Chrebat
955 3995 1125 4077 plerumque
1146 3998 1293 4077 spiritibus
1312 4011 1345 4062 ct

247 4088 431 4149 accentibus.
473 4086 555 4147 Rura
577 4089 739 4168 apparebat
762 4107 866 4148 manus
889 4088 1062 4152 correctrix.
1090 4089 1205 4165 ⁹Locus
1230 4111 1346 4161 uuuss

245 4198 324 4246 nova
337 4198 424 4241 manu
444 4190 508 4239 erat
526 4179 675 4259 suppletus
692 4180 805 4259 liquore
823 4180 907 4241 viridi
927 4201 957 4260 p.
974 4186 1046 4251 673,
1059 4184 1109 4242 32.
1150 4184 1347 4264 Parugraphia

248 4274 388 4335 dstmctae
399 4282 483 4331 eraut
493 4272 648 4333 orationes.
657 4272 798 4333 indicium
809 4292 896 4332 norae
908 4268 1080 4353 paragraphi
1093 4286 1156 4334 erat
1167 4275 1254 4336 litera
1261 4289 1346 4346 extra

248 4384 364 4427 versum
381 4363 559 4443 prominens,
574 4365 662 4425 etiam
682 4364 714 4423 in
733 4363 831 4423 media
842 4384 927 4433 voce.
946 4366 985 4429 de
1005 4385 1064 4443 quo
1078 4386 1158 4427 more
1171 4367 1228 4427 vid.
1244 4366 1348 4431 vaes.

249 4460 288 4519 ad
298 4458 473 4525 Eusebium.
484 4458 657 4539 plerumque
667 4474 727 4520 uon
740 4456 817 4518 male
830 4455 993 4517 distributas
1001 4469 1087 4521 erant
1099 4459 1146 4519 hae
1159 4458 1346 4541 paragraphi,
