2984 4917
211 260 313 340 ..ιιιιι
449 259 506 320 ιο.
528 213 1081 342 τιιιιιι1ιιιιοιιιιιιιιιιιιιι

216 415 365 491 Plutarch.
381 410 475 477 suid..
493 413 569 476 Inde
589 430 678 474 causa
698 411 845 492 Leptines
864 412 967 473 habits
981 411 1014 473 tn
1032 409 1158 489 gratiam
1178 406 1323 501 Ctpsippi.

216 506 291 585 Eam
307 506 398 579 duait.
421 505 504 568 Suid.
536 504 606 565 Non
625 525 700 576 eam,
722 502 775 565 sed
797 504 931 576 Samiam
945 504 1093 597 quandam
1114 522 1152 564 ex
1165 501 1322 571 Demetrio

216 598 397 681 Magnesio
389 620 419 660 ιιι
436 598 623 680 synonymis.
646 597 723 659 Plin.
745 598 836 659 Binos
849 598 958 661 liberos
978 617 1018 660 ex
1032 597 1157 663 honesta
1173 606 1323 677 matrona¹

218 692 374 791 Heliodori
387 692 538 769 cujusdam
551 690 621 764 filia,
636 690 778 774 suscepit,
793 700 949 773 etpostse
962 689 1089 774 reliquit.
1112 688 1205 749 Wolf.
1238 689 1322 752 Uror

217 754 428 846 Demosthenis
437 804 469 846 se
479 783 617 847 Cnosronr
629 782 744 845 caldam
755 784 946 864 stuprandum
957 782 1080 864 prebuit
1091 781 1199 850 Atben
1209 801 1241 861 p.
1248 784 1321 853 599.

220 856 354 954 Eschin.
367 903 397 937 ιι.
389 901 536 959 .ιιιιριιιιρ.
562 876 655 938 Paulo
669 876 756 940 aliter
770 874 898 940 'I'zetaes
913 874 1039 940 Chiliad.

260 970 378 1049 Olymp.
395 965 509 1030 CVIII.
526 974 553 1029 1.
575 979 624 1029 aet.
640 968 731 1029 Dem.
748 974 797 1029 91.
820 968 932 1032 Praetor
947 966 1130 1047 Theophilus
1145 970 1232 1051 juxta
1246 967 1323 1051 Dic-

217 1082 282 1143 nys.
294 1061 378 1123 Plato
387 1062 468 1134 obut
484 1060 636 1141 Philippus
651 1060 814 1140 Olynthum
829 1060 918 1151 cepit.
933 1056 1056 1151 Dionys.
1071 1060 1171 1121 Halia.
1186 1071 1216 1123 et
1227 1059 1325 1128 dindt

221 1155 370 1220 Plutarch.
386 1155 423 1215 de
439 1153 567 1221 disarim.
579 1153 658 1213 adul.
670 1162 701 1213 et
714 1152 811 1213 amici.

260 1246 373 1309 CVIII.
387 1250 416 1307 9.
436 1255 485 1305 aet.
500 1236 588 1305 Deru.
605 1250 655 1307 95.
669 1255 778 1326 praetor
791 1243 1016 1321 Themistocles.
1039 1242 1179 1329 sardiana
1194 1242 1260 1304 Φιίλ
1249 1269 1327 1337 irrep

220 1334 292 1429 πρὸς
302 1338 500 1411 Abnvulcuc
488 1342 539 1414 ιγ
543 1362 622 1397 νοντο
633 1362 695 1417 περι
685 1339 804 1419 pebrac
815 1342 859 1397 καὶ
871 1340 1049 1450 suppa-ydor.
1061 1339 1180 1415 meurs.
1196 1320 1329 1421 Dionys

223 1424 261 1493 1111
277 1433 378 1507 Αιιιιιι.
400 1430 554 1509 Philippica
568 1429 605 1489 V.
620 1431 801 1510 ἃμὲνὴμεῖς
815 1435 1206 1514 -περ1”τηςφυλαιιῆςτῶων
1227 1456 1328 1505 rursu·

222 1535 258 1584 τῶ
262 1550 277 1584 ν
291 1528 389 1583 xol'
350 1549 408 1584 των
421 1524 452 1582 ἐν
461 1522 666 1617 ‘Ehhucrrdvrp
680 1522 800 1584 πόλεων.
824 1523 916 1596 Dion.
932 1524 1150 1592 Demosthenes
1164 1521 1201 1586 ad
1215 1521 1329 1611 Philip

142 1632 144 1642 ⁴
222 1638 293 1698 pum
314 1618 423 1677 iterum
445 1615 571 1709 legatus.
607 1608 713 1677 Coram
741 1615 877 1699 Philippo
900 1616 1055 1687 obmutuit.
1084 1615 1188 1680 AEsch.
1212 1616 1330 1686 Gellius

224 1716 254 1799 8,
269 1716 298 1771 8.

266 1802 376 1866 CVIII.
393 1807 423 1864 9.
438 1813 487 1861 set.
502 1800 591 1861 Deru.
606 1806 656 1865 96.
667 1814 778 1888 pretor
793 1802 919 1863 Archias
932 1808 1019 1880 juxta
1032 1800 1160 1887 Dionys.
1173 1800 1331 1889 Philippica

108 1960 112 1967 ,
225 1896 590 1975 111111,8111περ111ρηνης

267 1988 389 2070 Olymp.
404 1984 486 2050 CIX.
509 1992 536 2047 l.
557 1997 609 2045 aet.
632 1982 722 2045 Dera.
744 1992 794 2049 98.
814 1997 921 2077 praetor
941 1986 1097 2077 Lyciscus.
1125 1986 1278 2065 Philippica
1291 2008 1333 2045 ιιι-

226 2084 326 2171 ptena,
342 2082 431 2141 hodie
445 2080 587 2143 secunda
601 2077 681 2149 ὅταν,
697 2072 785 2143 1111νὲ
753 2105 841 2162 spec.

270 2171 352 2232 CIX.
366 2177 396 2233 9.
411 2182 460 2231 aet.
476 2171 564 2230 Dem.
581 2176 630 2233 99.
652 2168 923 2249 Ρ1ἰὶἱρρὶειιοειαυα,
933 2171 1035 2233 seude
1050 2170 1214 2261 Helenam,
1226 2171 1332 2232 ordine

229 2266 349 2343 vulgato
362 2264 497 2345 septima.
513 2273 544 2323 et
558 2265 620 2343 περὶ
632 2262 874 2343 παραπρεαβιίιις.

272 2356 354 2418 clx.
370 2363 400 2419 8.
423 2356 580 2433 Philippico
599 2376 680 2428 cona,
703 2376 757 2415 seu
778 2356 817 2417 de
839 2356 1064 2420 Cherrhoneso:
1093 2350 1202 2428 ἔδει,
1180 2382 1201 2417 ιι
1222 2354 1334 2437 ἄνδρες.

232 2448 385 2528 Philippica
399 2450 511 2521 damma,
525 2448 614 2527 vulgo
627 2468 723 2509 nona:
739 2454 867 2523 πολλῶν,
882 2446 1024 2531 ὦᾶνδρες.

236 2620 241 2626 ¹
273 2542 354 2613 CIX.
368 2549 399 2605 4.
420 2541 574 2619 Philippica
586 2543 734 2615 undecima,
750 2544 839 2622 vulgo
854 2554 976 2625 quarta:
992 2547 1038 2603 eal
1053 2542 1205 2607 σπονδαῖα.

238 2702 241 2709 ,
275 2632 520 2721 01ymp.¹cx.1.
541 2631 697 2713 Philippica
707 2635 874 2706 duodecima,
884 2638 973 2716 vulgo
986 2638 1026 2697 ad
1035 2636 1335 2718 Philippiepistolam.

233 2727 324 2789 finita
337 2726 461 2789 iuduciae
471 2736 585 2808 septem
598 2745 750 2799 annorum,
762 2727 898 2807 Philippo
909 2740 940 2789 et
950 2729 1181 2799 Atheniensibus
1190 2748 1223 2791 se
1233 2741 1338 2794 mutuo

235 2817 448 2895 accusantibus.
491 2808 552 2878 sse.
561 2812 757 2881 Philochorus
768 2818 848 2900 apud
861 2820 987 2903 Dionys.
1000 2819 1151 2903 Philippus
1166 2818 1338 2888 Perinthum

235 2914 361 2979 obsidet.
375 2923 493 2980 cratera.

276 3004 343 3067 CX.
357 3012 387 3067 9.
410 3006 456 3079 Ad
469 3006 580 3068 bellum
592 3004 740 3066 festinant.
763 3005 914 3085 Philippus
928 3006 967 3066 ad
982 3004 1127 3067 Elateam.
1144 3015 1261 3067 catera.

276 3098 347 3160 CX.
360 3104 390 3160 9.
411 3100 518 3181 Pugna
531 3099 570 3159 ad
582 3098 787 3169 Chaeroneam.
797 3099 890 3181 prima
903 3099 952 3157 die
966 3098 1199 3179 Metsgitnionis.
1215 3100 1295 3161 Plut.
1311 3102 1341 3166 in

239 3190 371 3252 Camillo.
392 3191 560 3254 Dinarchus
575 3212 617 3251 or.
632 3192 670 3251 de
685 3190 810 3271 Harpal.
825 3192 865 3253 ait
878 3211 945 3252 eum
959 3212 1027 3253 cum
1040 3183 1059 3257 *l
1074 3191 1192 3254 talentis
1206 3213 1245 3253 ex
1264 3196 1339 3265 urbe

237 3282 412 3373 profugisse,
434 3306 503 3347 cum
521 3283 651 3345 audisset
665 3280 834 3365 Philippum
855 3284 887 3344 ln
901 3284 1034 3345 Atticam
1046 3298 1211 3345 venturum.
1252 3286 1288 3348 In
1304 3307 1342 3352 es

237 3397 338 3457 pugna
350 3378 438 3441 Dem.
461 3380 577 3456 abjecto
595 3388 680 3437 scuto
701 3374 788 3459 fugit.
805 3377 896 3440 Diod.
919 3379 981 3439 Sic.
1000 3377 1152 3439 Plutarch.
1172 3379 1204 3437 in
1218 3378 1289 3439 Vita
1309 3390 1343 3440 et

238 3470 455 3554 Apophthegm.
466 3470 581 3545 Lacon.
594 3469 746 3531 Aristotel.
760 3470 802 3530 11.
814 3469 938 3535 Rhetor.
950 3473 1057 3534 Horat.
1069 3473 1118 3534 od.
1129 3472 1172 3532 II.
1181 3478 1211 3535 8.
1224 3473 1343 3537 Schott.

240 3565 280 3625 ad
292 3564 398 3627 Senec.
414 3566 505 3629 Rhet.
528 3563 637 3627 Alciat.
652 3562 682 3623 in
695 3563 817 3644 Parerg.
830 3564 934 3627 AEsch.
948 3586 974 3625 c.
990 3565 1123 3648 Ctesipb.
1144 3566 1288 3627 Dinarch.
1304 3568 1344 3632 (11

240 3679 309 3741 pec.
321 3658 444 3741 Harpal.
459 3659 548 3721 Dem.
564 3656 595 3718 in
608 3657 786 3719 Chersones.
815 3658 902 3744 Ἀνὴρ
916 3659 1054 3741 ‹Ipsi-scr
1065 3663 1111 3719 rai
1120 3658 1210 3721 πάλιν
1218 3664 1347 3742 μαχὴσι·

241 3776 296 3811 rar.
318 3752 433 3823 Gellius
446 3754 493 3817 17.
506 3756 556 3815 91.
572 3750 651 3811 Plut.
663 3748 809 3811 Marcian.
820 3750 943 3832 Capella
956 3757 986 3815 5.
1002 3753 1040 3812 de
1055 3751 1095 3812 N.
1110 3751 1166 3811 Ph.
1188 3750 1345 3814 Tertullia-

240 3862 298 3903 nus
318 3844 356 3904 de
376 3846 448 3925 fuga
467 3846 498 3904 in
516 3840 731 3925 persecutione.
754 3843 899 3949 Clypeum
920 3842 1105 3929 inscripserat
1124 3842 1238 3921 'Aya83j
1260 3847 1345 3930 ηἰχῃ.

241 3918 321 4007 Plut.
336 3932 424 4000 Phot.
457 3938 532 3999 Cum
555 3956 575 3997 a
594 3947 680 4017 tergo
693 3933 814 3998 bostis
806 3948 936 4010 instaret,
958 3949 990 4000 11
1003 3938 1135 4018 chlamys
1155 3938 1230 3997 rubo
1243 3936 1345 3997 sdhae·

217 4099 221 4108 Ι
242 4026 336 4099 sisset,
353 4048 439 4108 paene
459 4028 540 4090 rivus
560 4040 664 4123 captus
685 4040 738 4094 est.
760 4030 827 4111 capi
848 4030 926 4093 enim
945 4032 1083 4106 malebat,
1104 4053 1192 4115 quam
1210 4032 1347 4111 interfici,

242 4118 446 4201 clamabatque
458 4120 568 4203 ζώγρει.
605 4114 646 4181 In
660 4122 803 4183 adversa
795 4134 852 4185 ista
865 4121 984 4187 fortuna
996 4124 1152 4187 adversarii
1164 4127 1262 4187 dicam
1274 4130 1347 4191 scri·

243 4214 362 4287 bebant.
384 4213 506 4277 absolvit
525 4214 603 4275 omui
625 4217 791 4297 suspicione
810 4219 937 4299 populus
951 4230 983 4279 et
997 4230 1165 4281 constanter
1180 4220 1209 4281 in
1231 4220 1345 4283 honore

173 4381 176 4389 1
241 4304 353 4401 habuit.
377 4308 525 4383 schottus.
540 4307 629 4371 Deru.
650 4330 705 4417 pro
720 4311 846 4374 Corona.
882 4312 970 4373 Tunc
990 4312 1118 4382 decreta
1133 4315 1348 4395 quamplurima

244 4396 283 4474 11
296 4402 377 4467 scto
389 4400 515 4484 scripsit,
530 4400 634 4483 quibus
643 4404 800 4467 amicorum
815 4405 943 4479 nomina,
957 4406 1102 4469 fortrmam
1117 4427 1202 4469 suam
1215 4409 1345 4471 detesta-
