2984 4917
230 334 287 397 slis
580 336 745 401 REISKll
765 337 990 404 ruarmo

230 494 325 573 euplo,
338 512 408 552 num
422 492 451 553 in
462 490 521 555 suis
531 493 671 575 exemplis
681 514 760 576 pone
773 516 801 575 p.
810 500 881 558 582.
896 494 968 555 illnd
979 502 1186 573 argumentum
1195 491 1336 553 babent

231 601 299 644 meo
311 586 428 665 quidem
444 587 538 658 deest,
558 588 659 649 nescio
680 588 840 668 bibliopegi
861 588 959 668 culpa,
982 585 1129 665 suipsius
1148 584 1336 665 typograplu'0

233 676 335 737 Finem
349 676 475 758 denique
488 678 559 739 facit
576 680 663 759 hujus
682 680 818 740 editionis
831 680 949 759 farrago
964 680 1098 759 quaedam
1112 676 1335 737 annotationum

232 787 251 827 ι
264 769 367 829 Budaei
380 772 508 831 maxime
529 772 822 833 cornmeutationibus
835 773 874 833 de
888 773 973 847 Asse,
986 782 1018 831 et
1031 771 1061 829 in
1071 769 1251 838 Pandemos,
1264 788 1335 829 con-

232 876 307 934 suta,
323 864 419 925 studio
440 865 591 941 enjusdam
602 864 725 937 Ruberi,
735 867 774 927 de
784 886 843 945 quo
856 866 923 925 baec
935 863 1077 945 praedicat
1087 863 1212 922 loannes
1227 860 1335 941 Opori-

233 972 288 1017 ιιιι
310 958 339 1016 in
359 957 558 1067 admonitione
576 957 612 1017 ad
627 958 844 1038 lectoremque
864 956 996 1018 ultimam
1016 955 1112 1036 operis
1131 953 1336 1035 paginsmim·

234 1144 266 1204 in
278 1144 457 1251 inquirendis
469 1144 708 1224 excudendisque
721 1144 753 1203 id
763 1162 857 1223 genus
870 1094 1003 1204 dotorum
1016 1143 1089 1203 locis
1102 1142 1176 1201 mire
1190 1139 1337 1210 sedulum,

235 1248 287 1297 ιιι
299 1238 398 1298 ιιιιιι
417 1236 537 1315 diutius,
559 1248 610 1297 aut
623 1238 756 1309 meliors,
770 1237 841 1297 dum
856 1236 936 1309 vixit,
950 1236 1011 1297 otio
1023 1236 1092 1307 frui,
1102 1234 1197 1294 risum
1210 1222 1337 1292 fuisset.

234 1331 284 1409 qui
298 1330 331 1401 si,
347 1330 427 1409 quod
440 1340 571 1409 ceperat,
592 1330 756 1411 perducere
769 1330 809 1389 ad
823 1328 993 1391 umbilicum
1014 1328 1165 1409 potuisset,
1179 1326 1269 1387 alium
1282 1343 1336 1386 nos

235 1420 305 1479 olim
320 1422 550 1482 Demosthenem
571 1433 603 1482 et
624 1422 867 1483 observationes
858 1440 976 1482 meum
996 1420 1191 1483 absolutiores
1203 1452 1243 1467 ·-
1253 1419 1338 1478 habi·

235 1524 317 1573 turos
330 1513 420 1575 luisse
441 1514 510 1575 satis
531 1516 714 1595 exploratum
733 1515 840 1575 babeo.
853 1548 896 1561 -
909 1514 1097 1595 Farraginem
1116 1514 1196 1572 illam
1215 1523 1338 1573 annota-

235 1606 358 1677 tionum,
379 1626 430 1667 seu
452 1607 693 1687 compilationem,
714 1608 739 1667 si
760 1607 861 1678 maris,
876 1607 922 1667 lo.
942 1608 1075 1688 Oporino
1095 1606 1195 1665 tribuit
1215 1603 1343 1664 Morbol'

235 1698 343 1781 ¹Polyb.
355 1698 393 1757 T.
404 1702 429 1761 1.
443 1720 472 1779 p.
464 1704 552 1761 ..969
595 1700 723 1779 Farrago
735 1700 803 1759 brac
816 1700 1036 1757 annotationum
1048 1696 1339 1758 etiaminWolliana

236 1790 363 1851 editione
377 1803 493 1851 servata
507 1803 562 1853 est.
604 1793 651 1853 De
666 1812 724 1869 qua
736 1789 808 1868 qurd
819 1789 1005 1848 statuendum
1026 1776 1080 1859 sit}
1094 1808 1192 1867 neque
1209 1789 1272 1867 ipss
1293 1787 1338 1846 in·

236 1884 349 1987 quisivi,
363 1904 460 1961 neque
474 1885 539 1941 novi
552 1904 600 1961 qm
593 1882 685 1941 'alius
699 1880 845 1939 ιιιιιιιιι.
886 1880 993 1940 Obiter
1006 1880 1190 1985 perlustranti
1202 1880 1339 1940 videntur

235 1975 280 2033 sic
300 1974 370 2033 satis
390 1973 477 2033 utiles
496 1973 575 2031 lectu
591 1982 624 2031 et
644 1970 739 2030 adhuc
761 1990 838 2040 esse,
857 1982 887 2031 et
908 1983 971 2030 tum
988 1971 1130 2051 temporis
1142 1971 1232 2032 etiam
1243 1972 1339 2051 magis

233 2064 337 2126 luisse.
380 2063 428 2122 De
442 2062 553 2122 lacobo
567 2061 617 2121 illo
631 2062 771 2121 Reubero
784 2061 856 2121 nihil
869 2062 940 2122 milri
954 2073 1080 2123 constat.
1122 2064 1340 2125 denotationes

233 2156 295 2215 illas
307 2156 385 2215 ultra
403 2154 564 2215 orationem
584 2154 699 2214 tertiam
715 2153 746 2212 in
761 2154 921 2234 Apbobum
941 2176 1002 2216 non
1021 2156 1195 2235 procedunt.
1237 2159 1340 2224 Quare

237 2260 335 2309 autern
346 2250 493 2328 Oporinos
503 2246 726 2309 bocdefunotus
739 2247 779 2306 sit
790 2248 874 2327 quasi
886 2248 1042 2329 perorandi
1055 2247 1161 2320 olb'cio,
1169 2249 1245 2309 ratio
1257 2249 1341 2311 reddi

237 2356 297 2401 non
311 2352 418 2421 potest,
433 2340 488 2399 nisi
501 2342 525 2401 ιι
539 2352 710 2412 statuamus,
724 2340 756 2402 id
768 2342 850 2421 quod
863 2353 1094 2402 consentaneum
1108 2354 1164 2414 est,
1176 2344 1341 2423 Oporinum

237 2434 267 2493 in
281 2433 395 2494 officina
405 2434 600 2514 Herwagiana
614 2434 789 2494 correctoris
801 2446 902 2514 partes
915 2435 1029 2513 egisse3
1049 2455 1068 2494 a
1077 2455 1138 2514 quo
1150 2436 1241 2496 ιιιιιιι·
1250 2436 1340 2497 lacile

236 2526 300 2598 fiat,
313 2537 346 2587 ut
359 2526 506 2606 profectae.
514 2526 572 2586 sint
584 2524 643 2583 illae
656 2526 764 2605 passim
785 2537 972 2586 occurrentes
988 2526 1125 2587 meliores
1142 2527 1286 2588 lectiones
1298 2527 1341 2589 ibi

237 2620 386 2693 locorum,
398 2618 447 2678 ubi
461 2618 527 2679 brec
542 2618 740 2697 Hermagiana
761 2616 852 2677 editio
873 2619 911 2678 ab
929 2618 1038 2679 Aldina
1057 2618 1194 2679 discedit.
1233 2618 1341 2681 Laudo

237 2712 374 2793 equidem
384 2712 506 2771 istorum
517 2720 679 2790 temporum
693 2708 876 2782 modestiam,
887 2731 954 2770 cum
967 2712 1007 2771 ad
1018 2713 1104 2787 hujus
1116 2712 1217 2773 seculi
1225 2716 1341 2787 ιιιιιιι-

237 2804 307 2865 tiam
325 2814 438 2885 specto.
481 2803 581 2883 Turpe
595 2813 657 2863 tum
672 2802 848 2880 judicabant
860 2803 914 2863 viri
927 2806 1007 2864 docti
1026 2805 1058 2863 in
1077 2805 1340 2868 emendatinnculis

237 2899 410 2978 quibusdam
424 2896 582 2967 trivialibus
596 2896 755 2968 assultare,
768 2896 849 2976 quod
862 2897 950 2957 hodie
964 2898 1184 2960 multifaciant.
1224 2899 1340 2965 Suadet

236 3002 334 3051 maren
349 2990 513 3069 prudentia,
528 2989 586 3050 suis
599 3010 724 3070 queque
745 2991 912 3051 auctoribus
933 2991 1030 3064 tribui,
1043 3012 1083 3053 ne
1094 2994 1209 3074 posteri
1224 3008 1338 3069 errent,

236 3102 333 3163 nequa
345 3084 487 3155 nesciant,
502 3084 580 3142 unda
593 3083 680 3143 lectio
695 3104 821 3164 qumque
834 3084 969 3164 prolecta
981 3085 1029 3155 sit,
1043 3106 1113 3145 num
1127 3106 1145 3146 ι
1157 3087 1238 3147 libris
1251 3090 1340 3149 bonta

235 3186 322 3246 notar,
333 3196 371 3236 an
385 3196 422 3236 aa
432 3176 549 3255 ingenio
563 3176 613 3235 viri
626 3177 715 3247 docti,
728 3187 760 3236 et
772 3182 866 3253 ιιιιι,
877 3196 935 3257 quo
948 3178 987 3237 de
1005 3179 1180 3255 auctoritate
1193 3186 1337 3260 cujusque

236 3268 369 3329 lectionis
382 3280 463 3327 certo
477 3268 669 3347 pronunciare
683 3269 805 3348 possint,
816 3269 980 3349 sciamque,
992 3271 1165 3350 quibuscum
1178 3272 1233 3333 sibi
1246 3292 1340 3353 nego-

235 3360 307 3419 tium
320 3360 367 3442 ιιι,
379 3372 409 3419 ιι
422 3380 495 3439 quos
509 3372 561 3421 ιιι
572 3361 693 3421 laudare
707 3374 760 3422 aut
771 3372 875 3422 notare
886 3363 1024 3423 debeant.
1067 3364 1129 3425 Sed
1148 3366 1214 3427 brec
1232 3366 1340 3429 obiter.

237 3452 345 3512 Eidem
366 3453 505 3531 Oporino‘
523 3453 621 3514 tribuo
643 3453 729 3513 aliam
754 3454 991 3526 admonitionem,
1016 3476 1084 3537 quos
1106 3456 1182 3517 item
1201 3458 1232 3518 in
1251 3459 1340 3521 calae

236 3544 444 3623 Herwagianae
456 3544 579 3623 legitur,
604 3555 635 3604 et
657 3544 723 3604 hec
743 3557 809 3605 est:
841 3547 998 3607 Hactenus
1022 3547 1154 3611 collectis
1175 3549 1205 3608 in
1224 3548 1339 3613 Demu-

237 3637 371 3699 stbenem
391 3636 625 3697 annotationibus
638 3647 779 3717 quantum
793 3640 966 3718 inpressos
984 3638 1075 3711 licuit,
1088 3650 1171 3703 utere
1184 3654 1216 3703 et
1227 3642 1338 3705 fruere.

235 3748 304 3788 narn
318 3738 349 3790 et
362 3730 492 3803 aliarum,
511 3750 578 3810 quse
598 3732 629 3790 in
652 3731 778 3811 reliquas
802 3733 949 3792 orationes
971 3734 1129 3813 pertinent,
1153 3736 1339 3799 edendarum

236 3822 423 3883 occmionem
441 3822 527 3883 nobis
539 3822 604 3883 fore
618 3824 786 3903 propediem
800 3826 913 3903 superis
934 3827 1011 3885 bene
1032 3828 1249 3890 fortunentibus
1270 3850 1340 3909 spe-

236 3932 346 3985 ramus,
368 3934 427 3973 unu
450 3934 517 3974 cum
542 3914 786 3993 Harpocrationis
808 3916 916 3987 lexico,
941 3929 974 3978 et
1000 3917 1133 3979 locorum
1155 3920 1340 3999 quorundam

236 4006 315 4066 varie
337 4007 463 4067 lectione
484 4006 524 4065 ad
541 4006 724 4067 vetustissimi
747 4009 923 4087 exemplaris
945 4010 1132 4071 collationem
1152 4031 1172 4073 a
1193 4013 1233 4073 D.
1247 4014 1342 4099 Petro

233 4092 368 4159 Dmesio
383 4099 425 4158 lo.
441 4098 614 4206 Sphyractis
627 4098 768 4161 industria
787 4100 872 4163 nobis
889 4112 920 4161 ιι
931 4099 1099 4180 impetrata,
1112 4114 1152 4173 et,
1173 4123 1341 4184 quanquam

237 4191 267 4252 id
268 4190 400 4301 'quidem
421 4192 525 4260 serius,
540 4202 670 4253 crusina
681 4190 791 4271 quippe
803 4212 891 4253 manu
905 4197 969 4268 ⁸iam
983 4194 1118 4274 imposita
1138 4198 1230 4275 operi,
1243 4210 1342 4263 trans·

237 4284 334 4345 missa.
346 4316 387 4333 ν-
400 4286 497 4351 Quam
517 4284 566 4345 bic
586 4304 668 4363 spem
689 4284 760 4345 lacit
776 4304 830 4345 seu
851 4284 1039 4367 Hernsgius,
1053 4308 1108 4349 seu
1123 4290 1342 4370 oporinum&

235 4392 322 4449 nora,
336 4374 536 4437 emendatiore
554 4386 585 4435 et
605 4375 789 4457 instructiore
804 4376 1012 4439 Demosthenis
1032 4380 1175 4451 aditione,
1197 4399 1236 4445 ιι
1253 4385 1340 4449 exitu

236 4469 348 4539 caruit3
370 4485 465 4549 oeque
480 4468 629 4541 inlocum,
645 4468 725 4549 quod
743 4468 847 4537 sciam,
861 4470 971 4557 prodiit
988 4470 1037 4532 bic
1049 4472 1199 4553 promissa
1219 4476 1343 4567 collatip
