2984 4917
497 348 561 411 sn
582 350 936 415 nnuosrsususu.
1146 355 1267 422 ’111111
1370 332 1377 339 ’

158 504 231 567 mihi
244 502 373 577 videtur,
387 503 425 565 ll.
444 516 496 567 sat
516 504 571 567 Xl.
591 506 683 569 literis
701 508 870 588 majoribus,
889 510 969 569 lectu
988 508 1144 583 facillimis,
1156 511 1266 593 perspi*

157 602 232 674 cuis,
247 599 433 682 planissimis,
447 604 506 662 uon
519 602 616 662 multis
630 599 852 666 abbreviaturis.
896 603 1049 665 Simillima
1066 606 1268 684 estscripturs

158 694 244 771 hujus
269 692 380 755 codicis
407 694 575 773 Augustani
602 696 754 776 scripturus
778 696 890 759 codicis
915 696 1002 767 illius,
1028 697 1115 774 cujus
1135 700 1264 779 ectypou

157 785 209 845 sari
229 786 352 847 incisum
374 776 527 847 exhihetur
543 808 572 867 p.
587 788 641 847 v1.
664 788 801 867 catalogi
821 799 962 850 mutorum
983 788 1179 851 Bibliothecae
1202 791 1262 852 Ve-

157 891 236 939 nesm
260 880 300 939 D.
325 880 433 951 Murci,
458 900 488 941 1.
509 880 623 943 XCIV.
650 882 723 941 item
744 883 896 961 scripturae
920 881 1032 943 codicis
1053 881 1171 943 Nicetoe
1192 883 1264 945 ctu·-

157 972 341 1052 rnrgicorum
364 970 509 1045 Medicei,
531 973 611 1034 uude
625 974 771 1035 Antonius
792 973 941 1035 Cocchius
962 973 1111 1054 specimen
1127 976 1179 1033 oeri
1192 976 1264 1036 inci·

24 1060 28 1070 ‘
155 1082 223 1124 sum
243 1063 378 1125 exhibuit
397 1064 428 1125 in
447 1064 546 1125 fronte
569 1065 808 1145 chirurgicorum
826 1084 1000 1145 grecorum,
1019 1086 1139 1147 prorsus
1158 1068 1263 1129 eodem

104 1152 111 1167 '
156 1156 252 1217 forms
265 1168 297 1216 et
310 1156 485 1236 magnitudo
497 1156 658 1229 literanum,
672 1168 760 1237 utque
774 1158 804 1218 in
817 1158 945 1229 Niccts3
969 1158 1041 1219 item
1055 1158 1263 1239 speciminibus
1283 1163 1288 1172 ’

155 1266 195 1307 ex
209 1268 269 1308 aere
281 1248 389 1309 caelato
403 1250 551 1329 expressis
566 1249 701 1329 Catalogi
722 1263 862 1311 mstorum
874 1268 1040 1330 grecorum
1054 1250 1262 1311 Mediceorum

155 1358 175 1399 s
187 1340 335 1401 Bandinio
349 1341 432 1415 editi,
451 1341 537 1402 Tomi
552 1340 635 1420 primi
649 1343 758 1403 tabule
771 1344 868 1404 tertise
881 1362 961 1403 uum.
975 1346 1006 1403 8.
1021 1343 1131 1403 tabulas
1149 1355 1263 1421 quertae

153 1452 186 1493 n.
199 1438 230 1493 2.
243 1431 354 1493 tabule
366 1444 459 1494 sestae
471 1454 501 1493 n.
511 1432 541 1496 6.
555 1444 588 1493 nt
601 1433 659 1495 alis
672 1444 785 1495 1111111111
798 1436 903 1495 similia
916 1435 1078 1514 specimina
1091 1452 1130 1494 es
1143 1454 1201 1495 aere
1214 1454 1263 1496 ex·

152 1542 263 1603 pressa,
278 1542 346 1603 quse
360 1522 429 1583 olim
442 1522 600 1603 aliquando
615 1524 676 1583 vidi
688 1525 808 1605 possim,
821 1526 897 1585 utin
916 1525 1121 1603 Evangelisrio
1134 1527 1260 1606 quadru-

154 1615 224 1695 plici
233 1614 409 1676 'Blauehiui
451 1614 694 1694 Continet-paene
707 1626 803 1677 totum
817 1616 1049 1681 Demosthenem
1063 1627 1095 1676 et
1106 1618 1209 1679 nescio
1220 1640 1260 1681 su

155 1708 224 1767 olim
235 1706 364 1767 tennerit
371 1707 478 1779 omnis,
492 1715 653 1787 autequam
664 1706 855 1766 mutilaretur.
877 1709 1056 1787 Compsctus
1070 1719 1117 1767 ast
1128 1727 1148 1769 a
1159 1710 1260 1772 biblio

153 1818 231 1880 pago
246 1799 425 1879 germanico,
435 1808 530 1859 tectus
544 1796 625 1859 corio
638 1796 734 1872 suillo,
747 1816 809 1858 non
819 1800 849 1858 in
861 1799 970 1878 gressis
979 1800 1054 1879 ipsa,
1068 1801 1124 1861 sed
1136 1804 1257 1878 seculo,

156 1904 186 1952 ut
198 1884 326 1962 videtur,
343 1891 459 1952 decimo
478 1900 566 1951 sexto
579 1890 707 1950 demum.
721 1890 754 1950 id
766 1890 846 1970 quod
859 1901 942 1970 petet
954 1891 1159 1967 etrajectione
1169 1893 1258 1955 folio·

154 2004 217 2045 rum
230 1983 427 2065 quorundam.
469 1982 588 2043 Desunt
600 1980 642 2042 illi
656 2003 685 2061 p.
700 1986 751 2044 92.
765 1982 890 2064 epistole
903 1982 1044 2064 Philippi,
1058 1988 1130 2047 681.
1147 1985 1178 2045 in
1192 1986 1260 2049 Ste-

152 2078 282 2158 phanum
296 2076 442 2136 orstioues
456 2074 532 2135 due.
546 2078 618 2137 688.
638 2092 680 2133 or.
693 2074 723 2135 in
737 2074 888 2155 Esergum
906 2086 939 2137 et
955 2074 1171 2137 Mnesibulum.
1185 2082 1257 2144 672.

152 2169 238 2229 euin
250 2168 427 2248 Callippum.
441 2170 513 2233 726.
528 2186 571 2229 or.
587 2165 619 2226 in
632 2166 779 2228 Neaeram.
792 2170 865 2233 746.
878 2168 970 2229 orstio
983 2169 1124 2230 funebris.
1138 2173 1209 2237 760.
1224 2172 1259 2232 11-

152 2260 247 2323 hellus
262 2260 430 2322 smstorius.
451 2264 523 2325 768.
544 2258 696 2339 1111111111,
716 2265 749 2321 et
769 2260 897 2340 denique
916 2262 989 2326 777.
1010 2262 1151 2341 epistole.
1171 2264 1258 2325 deest

150 2370 270 2435 quoque
284 2356 366 2434 Aug.
379 2353 475 2433 primo
485 2370 594 2431 magns
605 2370 673 2433 pars
687 2352 826 2415 orationis
839 2353 871 2413 iu
885 2355 1021 2415 Boeotum
1034 2374 1125 2435 super
1137 2358 1256 2419 nomine

151 2466 171 2508 s
181 2467 212 2528 p.
226 2448 299 2513 577.
316 2451 365 2507 18.
380 2444 417 2506 ad
428 2466 458 2525 p.
467 2446 538 2510 679.
552 2448 603 2507 26.
645 2444 696 2507 Ab
706 2444 792 2505 initio
805 2444 924 2507 mutilus
934 2455 990 2506 est.
1010 2446 1118 2528 Incipit
1126 2466 1145 2508 s
1154 2454 1254 2511 murt-

148 2562 229 2621 μενοι
241 2560 273 2621 p.
289 2543 339 2600 14.
351 2539 382 2603 7.
397 2536 435 2598 sd
448 2538 552 2599 ὀκνεῖτε
566 2538 670 2611 11111111
682 2558 713 2618 p.
731 2539 814 2604 17.s
831 2548 897 2599 tum
917 2550 961 2600 est
979 2539 1085 2600 lssuns
1102 2559 1196 2620 usque
1214 2543 1255 2604 ad

150 2638 243 2713 1186.
261 2637 309 2695 14.
324 2631 571 2692 11111111011111
592 2630 652 2691 duo
666 2640 736 2692 suut
747 2630 820 2693 solis
831 2630 1022 2711 procedentis
1034 2632 1074 2691 sd
1086 2653 1117 2712 p.
1136 2638 1187 2694 80.
1202 2636 1253 2698 16.

150 2724 197 2785 he
210 2742 313 2805 pause
324 2725 401 2784 sunt'
412 2721 543 2803 reliquie
560 2723 730 2803 superstites
747 2724 777 2783 in
794 2734 879 2804 pme
896 2723 990 2805 prims
1006 2722 1253 2790 Demostheuico·

150 2834 214 2877 rum
228 2834 360 2897 operum.
382 2814 535 2896 Supplevit
546 2826 646 2876 sutem
655 2814 824 2877 deficientis
836 2816 979 2897 pleraque
991 2834 1096 2877 1111111
1104 2818 1254 2879 recentior

149 2926 170 2969 a
181 2930 212 2990 p.
226 2914 257 2973 6.
272 2915 302 2969 8.
315 2908 385 2969 inde
398 2926 492 2987 usque
507 2906 546 2967 sd
558 2926 587 2989 p.
602 2912 652 2971 86.
666 2910 696 2973 7.
710 2908 816 2969 decem
829 2907 917 2988 foliis.
943 2908 1059 2970 Abhsc
1072 2926 1148 2968 nova
1160 2927 1251 2969 msnu

150 3010 270 3062 1111111
282 3000 433 3081 appellere
446 3000 530 3061 soleo
543 2998 575 3059 11
589 2999 663 3061 libro
675 2998 850 3061 vsriautium
860 3002 1075 3079 supplementum
1088 3002 1251 3079 Anguem

73 3128 76 3136 ,
146 3096 239 3171 prusti.
262 3095 292 3153 A
305 3112 335 3174 p.
348 3098 400 3164 86,
415 3094 446 3157 7.
459 3091 529 3153 inde
540 3090 652 3173 reliqua
661 3094 758 3154 omnis
768 3092 807 3154 ad
815 3090 906 3154 sunem
918 3112 1011 3173 usqua
1019 3103 1138 3153 vetusta
1145 3110 1250 3155 manus

150 3188 324 3269 primigenis
336 3188 475 3249 exmovit.
516 3187 554 3247 11
573 3197 708 3249 extremo
727 3186 788 3248 fine
806 3185 919 3248 codicis
932 3187 1051 3247 demum
1064 3186 1125 3245 duo
1137 3185 1248 3265 reperi·

147 3292 235 3341 uumr
247 3282 320 3341 solis
332 3281 437 3341 mirum
450 3282 482 3341 in
495 3278 615 3359 modum
628 3299 649 3341 1
660 3280 806 3341 vermibus
824 3295 953 3352 corrosa,
972 3278 1112 3360 fumoque
1130 3290 1162 3339 et
1182 3278 1247 3358 pul·

146 3392 216 3435 vere
233 3372 381 3435 sordidata
400 3385 431 3435 et
451 3372 615 3451 denigrato,
636 3382 670 3431 ut
682 3372 731 3431 vix
751 3372 813 3451 legi
833 3381 944 3451 quesnt
963 3390 983 3431 a
1001 3392 1031 3451 p.
1045 3377 1076 3443 4,
1098 3374 1146 3433 11.
1171 3376 1248 3451 ἡμᾶς

146 3471 232 3525 πλεῖν
245 3465 587 3545 11111.6,6.11ςοῦ111.
629 3464 787 3524 Orationes
804 3464 837 3522 in
856 3464 916 3525 hoc
934 3464 1037 3525 codice
1056 3483 1122 3525 sese
1142 3482 1247 3525 conse·

69 3602 71 3607 -
146 3569 276 3639 qnuntur
291 3576 354 3617 uon
374 3558 478 3617 ordine
491 3556 613 3636 vulgati,
633 3556 687 3616 sed
707 3557 785 3617 hoc:
813 3556 986 3637 Philippices
1006 3576 1119 3629 omnes,
1139 3558 1246 3618 eodem

146 3651 260 3722 ordine,
273 3668 334 3731 quo
347 3648 471 3709 inlibris
484 3648 619 3727 vulgetis.
641 3647 671 3707 in
686 3646 912 3709 Androtionem.
932 3648 963 3708 in
976 3648 1112 3709 Midiam.
1140 3649 1171 3708 in
1185 3650 1249 3711 Ari·

145 3754 315 3805 stocrstem.
355 3758 408 3822 pro
423 3758 539 3807 corono.
581 3739 619 3801 de
632 3740 708 3801 sslsa
718 3740 879 3819 legatione.
918 3742 949 3801 in
967 3740 1175 3802 Timocratem.
1214 3740 1246 3802 iu

145 3836 313 3917 Leptiusm.
357 3830 388 3895 in
410 3830 651 3913 Aristogitonem.
697 3834 727 3893 iu
747 3834 912 3895 Cononem.
957 3833 989 3893 in
1000 3828 1171 3896 Calliclem.
1212 3836 1246 3899 in

18 3978 19 4013 p
145 3926 401 4010 olympiodorum.
455 3928 486 3987 in
517 3926 764 4008 Dionysodorum.
817 3925 850 3985 in
876 3926 1035 4007 Aphobam
1063 3927 1142 3989 duaa.
1190 3944 1245 4008 pro

18 4022 19 4027 ’
145 4024 258 4085 Phsno.
297 4022 329 4081 iu
352 4023 511 4083 Onetorem
533 4022 610 4083 duae.
637 4020 668 4080 in
689 4020 905 4082 Pantoenetum.
955 4020 987 4081 in
1009 4020 1172 4083 Lacritum.
1212 4022 1244 4083 in

145 4115 375 4179 Nausimachum
389 4126 429 4179 at
448 4115 658 4196 Xenopithem.
717 4114 749 4172 in
776 4112 994 4175 Phormionem.
1043 4114 1074 4173 iu
1096 4115 1245 4175 Zenothe·
1288 4181 1293 4188 ,

145 4208 213 4269 min.
264 4226 318 4291 ppo
342 4206 530 4267 Phormione.
578 4206 609 4266 in
630 4206 816 4287 Apsturium.
863 4208 891 4266 ol
909 4205 1137 4287 σνμβονλευηκοὶ
1168 4212 1200 4282 (s
1211 4224 1243 4286 p.

19 4314 20 4319 ’
146 4298 347 4377 1111111.)
387 4318 442 4379 pro
456 4318 566 4361 corone
585 4298 783 4372 11111111ὴί11,
802 4316 871 4378 quaa
892 4299 985 4360 oratio
1002 4299 1096 4359 bisin
1115 4299 1174 4357 hoc
1195 4315 1245 4357 co·

18 4440 20 4475 ζ
145 4392 211 4453 dice
225 4402 273 4453 eat
287 4391 497 4473 scripto‚'l0cis
510 4392 588 4451 inter
601 4410 634 4451 se
647 4389 753 4470 procul
768 4389 885 4462 dissitis,
901 4402 1009 4451 etcum
1026 4389 1147 4449 mirifica
1158 4387 1243 4449 lecti·

18 4504 20 4509 ’
143 4506 233 4547 onum
252 4485 458 4567 discrepantia,
480 4494 514 4546 ut
527 4484 666 4566 exempla
689 4484 778 4563 hujus
790 4483 929 4545 orationis
948 4502 966 4543 e
985 4481 1139 4543 codicibus
1149 4479 1244 4543 diver·

184 4607 257 4651 vot.
277 4608 302 4653 1.
703 4592 761 4648 ‘lo
