2984 4917
242 334 345 399 lxxviii
674 338 699 401 1.
721 337 914 403 Tarsam
938 336 945 345 “

242 474 423 555 exercerent.
439 502 442 507 '
465 494 602 555 Clamant
622 495 729 575 ingenii
746 496 913 567 facultates,
933 511 1035 574 parum
1055 492 1086 551 in
1104 512 1137 553 se
1151 486 1216 556 e'sse
1237 489 1345 559 lauda<

240 586 318 659 bilis,
333 586 356 643 si
377 586 422 657 iis,
444 587 493 665 qni
512 607 562 647 eas
576 588 604 647 in
619 580 651 649 se
665 590 785 659 babent,
796 588 877 659 iisse,
893 606 967 667 qnos
980 581 1133 645 delectare
1145 586 1268 665 possint,
1281 590 1342 651 sint

237 678 389 757 jucunde,
405 680 434 739 ni
448 680 576 740 humano
589 680 678 741 etiam
699 680 800 761 generi
820 690 920 742 essent
931 678 1147 759 quodammodo
1163 680 1343 742 fructuosae

240 771 365 851 proinde
378 772 586 852 negligendam
600 792 665 834 esse
678 792 809 853 prorsus,
824 784 874 833 ant
888 770 1141 833 exterminandam
1154 773 1263 851 potius,
1278 774 1341 833 elo-

241 864 401 943 quentiam,
408 858 541 925 'maxime
554 877 650 926 autem
666 866 882 938 mammillam,
896 865 1098 934 etexoletam,
1113 866 1340 946 etantiqnnrum

238 955 421 1019 solummodo
432 959 523 1021 literis
538 960 677 1021 inclusam
679 965 781 1037 ,cujus
794 960 819 1019 si
833 979 892 1019 non
906 960 1009 1030 omnis,
1023 970 1054 1018 at
1063 960 1214 1065 praecipua
1223 962 1339 1034 saltem,

238 1050 331 1111 laus
322 1073 353 1112 m
371 1052 488 1113 delectu
506 1054 698 1125 verborum,'
689 1074 720 1112 ιιι
744 1054 854 1115 decore
876 1053 1085 1123 clausularum,
1109 1062 1141 1112 et
1159 1051 1191 1110 in
1209 1054 1338 1132 quadam

238 1144 373 1205 ubertate
384 1144 522 1205 orationis
536 1145 711 1205 continetur.

279 1238 353 1297 Esse
374 1237 522 1317 quandam
540 1236 741 1298 incredibilem
760 1238 978 1316 jucunditatem
999 1238 1232 1318 suavitatemque
1248 1236 1278 1298 in
1297 1257 1340 1299 eo

239 1348 347 1409 genere
365 1329 523 1403 literarum,
541 1350 608 1409 quoe
622 1330 710 1390 etiam
727 1330 969 1409 occupatissimos
989 1331 1154 1409 percellere
1175 1329 1260 1401 solet,
1280 1331 1339 1391 nisi

237 1440 338 1482 earum
360 1422 474 1494 artium,
497 1422 600 1502 quibus
621 1422 660 1481 ad
683 1422 894 1482 humanitatem
916 1422 1113 1493 informamur,
1138 1421 1228 1501 plane
1248 1421 1337 1495 mdes

236 1513 355 1583 fuerint,
375 1532 472 1593 neque
493 1533 548 1592 ego
566 1532 676 1593 negare
694 1534 824 1593 possum,
838 1514 889 1593 qui
909 1514 939 1574 in
952 1514 1079 1593 antiquae
1092 1514 1269 1594 eloquentiae
1282 1533 1337 1574 su·

238 1601 367 1665 ctorlbua
381 1606 560 1685 expoliendis
573 1606 699 1686 aliquam
710 1606 802 1665 aetads
812 1616 927 1685 partem
941 1605 1135 1678 contriverim,
1147 1625 1244 1686 neque
1254 1608 1336 1686 apud

238 1694 286 1757 Te
299 1696 428 1758 confiteri
441 1698 542 1778 pudet,
557 1698 606 1778 qni
620 1718 677 1771 me,
690 1710 723 1759 ut
736 1698 769 1758 id
782 1708 953 1759 constanter
972 1698 1113 1769 facerem,
1130 1709 1242 1759 tantum
1255 1701 1337 1759 omni

236 1786 445 1849 beneficiorum
470 1810 579 1871 genere
601 1790 747 1871 impulisti,
769 1801 910 1869 qnantum
931 1789 1086 1851 incendisti
1105 1790 1225 1851 hortatu
1245 1803 1336 1871 atque

236 1882 419 1943 auctoritate.
461 1882 541 1949 Quid
555 1882 632 1942 enim
646 1892 707 1943 tam
728 1892 906 1961 potestesse
926 1881 1045 1960 cognitu
1060 1882 1233 1961 jucundum,
1246 1902 1336 1962 quarn

236 1975 410 2056 ςιιιίιιίιιιίι
423 1974 574 2036 sententiis
593 1986 684 2054 atque
702 1973 780 2034 omni
801 1984 905 2034 ornatu
918 1975 1073 2033 verborum
1087 1974 1226 2035 &adacta
1238 1975 1335 2036 oratio

236 2079 267 2129 et
286 2067 446 2148 perpolita·
471 2068 741 2127 Ατιιιιιιιιιιιι
763 2066 919 2147 praecipue,
939 2066 1075 2174 aquibus
1086 2086 1201 2127 mamma
1213 2066 1334 2127 dicendi

234 2160 279 2220 ris
294 2169 325 2219 et
343 2150 469 2219 inventa
480 2170 512 2220 et
529 2158 662 2240 perfecta
676 2178 741 2221 ease
762 2159 908 2220 creditur·
931 2168 1021 2237 atque
1040 2160 1105 2235 eJ’ns
1125 2158 1243 2221 denium
1262 2160 1336 2219 seri-

234 2250 338 2333 ptoris,
345 2250 583 2331 qurfelrcrtatern
593 2251 843 2332 excogitandam
857 2250 1033 2331 explicando
1043 2256 1132 2328 atque
1146 2249 1318 2310 ornando
1287 2272 1335 2333 nr·¹

234 2355 310 2417 tore,
323 2340 436 2404 tantuin
449 2344 560 2405 caeteris
579 2345 611 2405 in
632 2364 668 2405 ea
680 2346 753 2405 urbe
766 2344 906 2425 praestitit,
916 2352 1058 2425 qnantum
1071 2358 1109 2403 aa
1120 2340 1184 2422 ipsa
1196 2342 1332 2405 omnebus

235 2437 352 2497 omnino
365 2436 529 2497 nationibus
539 2438 719 2499 antecellere
727 2437 897 2517 judicaturi

276 2530 337 2591 Sed
350 2548 446 2611 neque
458 2530 489 2589 in
498 2530 556 2591 isto
569 2549 680 2611 genere
690 2530 957 2611 landis,srquidsit
969 2532 1111 2592 tamenin
1124 2542 1194 2612 apta
1205 2532 1334 2593 colloca·

234 2622 316 2685 tinne
334 2624 499 2694 verborum,
520 2633 551 2683 st
572 2623 602 2683 in
620 2641 778 2683 numerosa
802 2622 1035 2684 conformatione
1053 2623 1192 2685 orationis
1210 2624 1333 2685 laudan·

233 2718 314 2787 dum,
328 2716 447 2784 istorum
460 2714 609 2777 hominum
624 2714 807 2775 Excellentia
826 2734 917 2795 passa
935 2728 981 2777 est
1001 2736 1035 2777 se
1048 2716 1211 2777 contineri:
1232 2736 1331 2796 nequa

99 2858 102 2879 ¹
233 2809 272 2871 *ἃ
286 2806 509 2888 Rempublicam
522 2808 692 2869 adtulerunt
710 2806 920 2869 infructuosam
939 2808 1049 2887 ingenii
1061 2809 1217 2880 culturam,
1228 2808 1329 2882 vel'ii,

232 2900 281 2982 qui
296 2901 325 2961 in
345 2900 402 2961 ista
414 2899 564 2981 disciplina
581 2902 756 2973 enituerunt,
776 2901 824 2988 rel
837 2900 868 2974 ii,
882 2900 934 2981 qui
947 2919 1049 2961 sorum
1059 2910 1248 2962 monumenta
1260 2920 1331 2963 cum

232 2992 329 3074 aliqua
342 2994 501 3054 animorum
514 2993 672 3059 attentione
686 2993 930 3073 contemplantur.
965 2994 1038 3061 Quis
1048 2994 1124 3053 enim
1135 2992 1240 3063 nescit,
1254 2992 1332 3053 mul-

231 3097 295 3146 tum
314 3086 413 3164 ntique
426 3084 557 3145 conferre
570 3086 609 3147 ad
621 3086 852 3147 moderationem
864 3085 987 3146 cisimus
1000 3085 1248 3165 diligentissimam
1261 3104 1330 3165 per·

230 3176 454 3256 vmtigationem
477 3196 578 3237 mrum
597 3177 725 3238 omnium
745 3176 901 3247 mannum,
922 3176 1026 3254 quibus
1041 3176 1191 3237 hominum
1211 3188 1328 3239 mentes

230 3269 277 3329 rel
288 3268 416 3339 adirem,
430 3280 481 3328 aut
493 3266 601 3341 odium,
615 3279 668 3330 aut
681 3267 812 3329 dolorem
826 3267 993 3338 incitantur,
1006 3267 1054 3328 rel
1066 3268 1104 3329 ab
1118 3267 1155 3329 iis
1167 3270 1329 3331 reflectun-

230 3360 298 3422 turi
318 3350 535 3434 Verumtamen,
548 3380 613 3441 qnoe
627 3362 666 3422 de
679 3361 791 3421 naturis
803 3359 951 3420 bominum
963 3360 1043 3421 etde
1055 3361 1085 3420 ri
1099 3362 1178 3421 omni
1191 3364 1327 3423 humani·

229 3452 298 3518 tatis
311 3458 449 3513 accurate
463 3450 493 3511 in
505 3452 614 3513 scholis
627 3452 822 3535 disputantur,
836 3463 1014 3514 exarescant
1026 3453 1114 3535 plane
1126 3473 1250 3515 necem
1269 3466 1326 3527 est,

230 3545 285 3607 nisi
298 3544 418 3605 exsistat
430 3544 556 3625 quidam,
568 3544 619 3626 qui
633 3564 669 3605 ea
687 3543 833 3606 mentibus
850 3544 1047 3605 hominumue
1059 3546 1202 3620 sensibus,
1216 3546 1327 3607 sorensi

229 3660 298 3710 ιιι,
319 3646 351 3697 et
370 3638 514 3718 gravitate
533 3638 660 3719 quadam
680 3638 829 3711 orationis,
848 3640 1071 3700 accommodare
1091 3639 1190 3720 possit.
1231 3640 1327 3701 Arma

228 3734 280 3794 illa
289 3736 337 3794 rel
348 3731 560 3793 inflammandis
574 3730 736 3791 animorum
750 3731 874 3793 motibus
887 3731 934 3792 rel
947 3732 1162 3811 extinguendis,
1173 3730 1327 3793 scitissime

229 3826 345 3907 quidem
360 3826 388 3886 in
402 3825 505 3885 umbra
518 3820 585 3884 cudi
599 3833 772 3903 potuerunt:
789 3824 820 3883 in
833 3822 897 3885 acie
907 3842 978 3883 vcro
989 3824 1159 3904 reipublice
1172 3835 1325 3903 nonpote·

227 3929 298 3979 runt
317 3918 424 3979 utiliter
436 3916 491 3977 nisi
510 3914 549 3976 ab
569 3926 685 3976 oratore
702 3916 776 3995 geri.
816 3914 984 3987 Deinde,si
1001 3936 1103 3977 eorum
1115 3916 1267 3977 laudamus
1279 3916 1325 3976 in·

228 4011 379 4084 dustriam‚
393 4009 444 4091 qui
454 4010 493 4071 de
506 4008 621 4088 legibus
633 4009 770 4085 jubendis
783 4019 835 4069 aut
848 4010 989 4082 vetandis,
1004 4009 1044 4069 de
1057 4008 1264 4089 perspiciendis
1277 4030 1325 4071 rs·

228 4104 356 4166 tionibus
378 4100 645 4163 constituendamm
663 4102 917 4182 regendarumque
936 4101 1094 4173 civitatem,
1115 4102 1156 4163 de
1172 4101 1269 4176 maiis,
1283 4104 1324 4165 ds

226 4196 427 4277 vectigalibus,
449 4195 488 4254 ds
510 4193 589 4254 omni
606 4193 775 4276 reipublicae
793 4212 914 4273 genera,
934 4194 1118 4273 caeterisque,
1136 4192 1200 4258 sine
1217 4194 1323 4274 quibus

226 4290 375 4351 bominum
388 4286 511 4349 societas
523 4296 576 4347 aut
595 4306 671 4359 aare,
684 4296 737 4347 ant
754 4286 831 4347 bene
844 4285 1044 4349 administrata
1062 4306 1128 4347 ease
1140 4304 1201 4347 non
1213 4297 1322 4365 potest,

226 4384 385 4466 quidquam
408 4381 500 4443 literis
523 4381 708 4451 mandarunt,
732 4399 856 4459 quorum
877 4380 982 4452 omnis,
1003 4378 1170 4441 necessaria
1190 4379 1322 4458 quidem,

226 4478 354 4559 cognitio
368 4476 398 4535 in
408 4474 539 4537 exilitate
553 4472 680 4553 quadam
694 4471 847 4546 doctrina,
857 4482 898 4534 et
913 4472 999 4554 qussi
1010 4472 1041 4534 in
1054 4471 1139 4534 lineis
1152 4470 1322 4554 reipublice
