<?xml version="1.0" encoding="UTF-8"?>
<!DOCTYPE html PUBLIC "-//W3C//DTD XHTML 1.0 Transitional//EN"
    "http://www.w3.org/TR/xhtml1/DTD/xhtml1-transitional.dtd">
<html xmlns="http://www.w3.org/1999/xhtml" xml:lang="en" lang="en">
 <head>
  <title>
</title>
<meta http-equiv="Content-Type" content="text/html;charset=utf-8" />
  <meta name='ocr-system' content='tesseract 3.04.00' />
  <meta name='ocr-capabilities' content='ocr_page ocr_carea ocr_par ocr_line ocrx_word'/>
</head>
<body>
  <div class='ocr_page' id='page_1' title='image "./demosthenisetsc02dupogoog_0144.png"; bbox 0 0 2984 4917; ppageno 0'>
   <div class='ocr_carea' id='block_1_1' title="bbox 192 264 1063 383">
    <p class='ocr_par' dir='ltr' id='par_1_1' title="bbox 192 264 1063 383">
     <span class='ocr_line' id='line_1_1' title="bbox 192 264 1063 383; baseline -0.001 -2"><span class='ocrx_word' id='word_1_1' title='bbox 192 264 311 383; x_wconf 57' lang='lat' dir='ltr'><strong>&#39;omn</strong></span> <span class='ocrx_word' id='word_1_2' title='bbox 443 320 498 381; x_wconf 92' lang='lat'><strong>10.</strong></span> <span class='ocrx_word' id='word_1_3' title='bbox 521 312 709 380; x_wconf 75' lang='lat' dir='ltr'><strong>tattoni</strong></span> <span class='ocrx_word' id='word_1_4' title='bbox 733 293 1063 383; x_wconf 78' lang='lat' dir='ltr'><strong>enoraeonranr</strong></span> 
     </span>
    </p>
   </div>
   <div class='ocr_carea' id='block_1_2' title="bbox 123 458 1304 2971">
    <p class='ocr_par' dir='ltr' id='par_1_2' title="bbox 123 458 1304 2971">
     <span class='ocr_line' id='line_1_2' title="bbox 202 458 1304 560; baseline 0.009 -27"><span class='ocrx_word' id='word_1_5' title='bbox 202 474 266 533; x_wconf 89' lang='lat' dir='ltr'><strong>cuit</strong></span> <span class='ocrx_word' id='word_1_6' title='bbox 286 470 420 553; x_wconf 83' lang='lat' dir='ltr'><strong>primam.</strong></span> <span class='ocrx_word' id='word_1_7' title='bbox 441 466 569 535; x_wconf 81' lang='lat' dir='ltr'><strong>moritur</strong></span> <span class='ocrx_word' id='word_1_8' title='bbox 586 464 765 536; x_wconf 78' lang='lat' dir='ltr'><strong>Aristoteles</strong></span> <span class='ocrx_word' id='word_1_9' title='bbox 789 464 896 537; x_wconf 79' lang='lat' dir='ltr'><strong>annum</strong></span> <span class='ocrx_word' id='word_1_10' title='bbox 921 494 1012 558; x_wconf 85' lang='lat' dir='ltr'><strong>agens</strong></span> <span class='ocrx_word' id='word_1_11' title='bbox 1029 480 1081 560; x_wconf 75' lang='lat'><strong>63.</strong></span> <span class='ocrx_word' id='word_1_12' title='bbox 1104 479 1134 537; x_wconf 87' lang='lat' dir='ltr'><strong>el</strong></span> <span class='ocrx_word' id='word_1_13' title='bbox 1147 458 1304 542; x_wconf 61' lang='lat' dir='ltr'><strong>Dededi</strong></span> 
     </span>
     <span class='ocr_line' id='line_1_3' title="bbox 202 556 1303 636; baseline 0.009 -11"><span class='ocrx_word' id='word_1_14' title='bbox 202 565 283 625; x_wconf 87' lang='lat' dir='ltr'><strong>Gell.</strong></span> <span class='ocrx_word' id='word_1_15' title='bbox 304 565 372 625; x_wconf 87' lang='lat' dir='ltr'><strong>XV.</strong></span> <span class='ocrx_word' id='word_1_16' title='bbox 392 569 445 627; x_wconf 76' lang='lat'><strong>28.</strong></span> <span class='ocrx_word' id='word_1_17' title='bbox 492 566 615 628; x_wconf 90' lang='lat' dir='ltr'><strong>Photins</strong></span> <span class='ocrx_word' id='word_1_18' title='bbox 639 582 677 627; x_wconf 81' lang='lat' dir='ltr'><strong>er</strong></span> <span class='ocrx_word' id='word_1_19' title='bbox 697 556 764 628; x_wconf 85' lang='lat' dir='ltr'><strong>aliis</strong></span> <span class='ocrx_word' id='word_1_20' title='bbox 787 588 879 630; x_wconf 88' lang='lat' dir='ltr'><strong>annos</strong></span> <span class='ocrx_word' id='word_1_21' title='bbox 902 574 953 636; x_wconf 85' lang='grc'><strong>70.</strong></span> <span class='ocrx_word' id='word_1_22' title='bbox 974 564 1169 632; x_wconf 76' lang='lat' dir='ltr'><strong>Demostheni</strong></span> <span class='ocrx_word' id='word_1_23' title='bbox 1190 569 1303 635; x_wconf 84' lang='lat' dir='ltr'>tribuit.</span> 
     </span>
     <span class='ocr_line' id='line_1_4' title="bbox 203 657 1304 745; baseline 0.007 -30"><span class='ocrx_word' id='word_1_24' title='bbox 203 657 362 737; x_wconf 75' lang='lat' dir='ltr'><strong>Antipater</strong></span> <span class='ocrx_word' id='word_1_25' title='bbox 374 678 441 719; x_wconf 87' lang='lat' dir='ltr'><strong>cum</strong></span> <span class='ocrx_word' id='word_1_26' title='bbox 456 658 579 720; x_wconf 84' lang='lat' dir='ltr'><strong>Cratero</strong></span> <span class='ocrx_word' id='word_1_27' title='bbox 591 660 726 720; x_wconf 86' lang='lat' dir='ltr'><strong>Athenas</strong></span> <span class='ocrx_word' id='word_1_28' title='bbox 740 662 902 722; x_wconf 84' lang='lat' dir='ltr'><strong>contendit.</strong></span> <span class='ocrx_word' id='word_1_29' title='bbox 943 662 1067 741; x_wconf 79' lang='lat' dir='ltr'>Aufugit</span> <span class='ocrx_word' id='word_1_30' title='bbox 1081 662 1171 723; x_wconf 91' lang='lat' dir='ltr'><strong>Dem.</strong></span> <span class='ocrx_word' id='word_1_31' title='bbox 1185 664 1304 745; x_wconf 86' lang='lat' dir='ltr'><strong>aliique.</strong></span> 
     </span>
     <span class='ocr_line' id='line_1_5' title="bbox 203 752 1304 835; baseline 0.005 -23"><span class='ocrx_word' id='word_1_32' title='bbox 203 752 264 812; x_wconf 83' lang='lat' dir='ltr'><strong>Eos</strong></span> <span class='ocrx_word' id='word_1_33' title='bbox 285 752 321 813; x_wconf 88' lang='lat' dir='ltr'><strong>P.</strong></span> <span class='ocrx_word' id='word_1_34' title='bbox 334 752 371 814; x_wconf 90' lang='lat' dir='ltr'><strong>A.</strong></span> <span class='ocrx_word' id='word_1_35' title='bbox 392 754 528 814; x_wconf 82' lang='lat' dir='ltr'>Demade</span> <span class='ocrx_word' id='word_1_36' title='bbox 542 759 664 833; x_wconf 79' lang='lat' dir='ltr'><strong>rogante</strong></span> <span class='ocrx_word' id='word_1_37' title='bbox 679 753 775 833; x_wconf 85' lang='lat' dir='ltr'><strong>capite</strong></span> <span class='ocrx_word' id='word_1_38' title='bbox 789 754 948 817; x_wconf 81' lang='lat' dir='ltr'><strong>damnarit.</strong></span> <span class='ocrx_word' id='word_1_39' title='bbox 989 755 1138 835; x_wconf 75' lang='lat' dir='ltr'><strong>Antipatri</strong></span> <span class='ocrx_word' id='word_1_40' title='bbox 1152 756 1304 817; x_wconf 79' lang='lat' dir='ltr'><strong>satellites.</strong></span> 
     </span>
     <span class='ocr_line' id='line_1_6' title="bbox 203 842 1303 929; baseline 0.004 -26"><span class='ocrx_word' id='word_1_41' title='bbox 203 844 331 929; x_wconf 73' lang='lat' dir='ltr'><strong>Archias</strong></span> <span class='ocrx_word' id='word_1_42' title='bbox 352 846 447 905; x_wconf 80' lang='lat' dir='ltr'><strong>dictus</strong></span> <span class='ocrx_word' id='word_1_43' title='bbox 462 844 675 928; x_wconf 66' lang='grc' dir='ltr'><strong>φυγαδοθήρας,</strong></span> <span class='ocrx_word' id='word_1_44' title='bbox 698 846 767 906; x_wconf 84' lang='lat' dir='ltr'><strong>ollttr</strong></span> <span class='ocrx_word' id='word_1_45' title='bbox 788 846 900 909; x_wconf 81' lang='lat' dir='ltr'><strong>histrio.</strong></span> <span class='ocrx_word' id='word_1_46' title='bbox 953 848 1015 909; x_wconf 87' lang='lat' dir='ltr'><strong>Hic</strong></span> <span class='ocrx_word' id='word_1_47' title='bbox 1040 861 1077 908; x_wconf 83' lang='lat' dir='ltr'><strong>e&#39;x</strong></span> <span class='ocrx_word' id='word_1_48' title='bbox 1098 849 1200 924; x_wconf 84' lang='lat' dir='ltr'><strong>Ajacis</strong></span> <span class='ocrx_word' id='word_1_49' title='bbox 1221 842 1303 923; x_wconf 73' lang='lat' dir='ltr'><strong>firmo,</strong></span> 
     </span>
     <span class='ocr_line' id='line_1_7' title="bbox 200 938 1302 1019; baseline 0.004 -22"><span class='ocrx_word' id='word_1_50' title='bbox 200 938 282 1017; x_wconf 89' lang='lat' dir='ltr'><strong>quod</strong></span> <span class='ocrx_word' id='word_1_51' title='bbox 295 949 341 999; x_wconf 89' lang='lat' dir='ltr'><strong>est</strong></span> <span class='ocrx_word' id='word_1_52' title='bbox 353 938 477 1019; x_wconf 81' lang='lat' dir='ltr'><strong>AEginae,</strong></span> <span class='ocrx_word' id='word_1_53' title='bbox 499 939 625 1001; x_wconf 72' lang='lat' dir='ltr'><strong>extrahit</strong></span> <span class='ocrx_word' id='word_1_54' title='bbox 641 939 826 1019; x_wconf 82' lang='lat' dir='ltr'><strong>Hyperidem</strong></span> <span class='ocrx_word' id='word_1_55' title='bbox 845 952 1001 1013; x_wconf 89' lang='lat' dir='ltr'><strong>oratorem,</strong></span> <span class='ocrx_word' id='word_1_56' title='bbox 1016 942 1217 1002; x_wconf 71' lang='lat' dir='ltr'><strong>Aristonicum</strong></span> <span class='ocrx_word' id='word_1_57' title='bbox 1232 941 1302 1001; x_wconf 83' lang='lat' dir='ltr'><strong>Ma·</strong></span> 
     </span>
     <span class='ocr_line' id='line_1_8' title="bbox 201 1032 1301 1107; baseline 0.003 -17"><span class='ocrx_word' id='word_1_58' title='bbox 201 1032 375 1105; x_wconf 88' lang='lat' dir='ltr'><strong>rathonium,</strong></span> <span class='ocrx_word' id='word_1_59' title='bbox 405 1032 606 1107; x_wconf 79' lang='lat' dir='ltr'><strong>Hemeraeum,</strong></span> <span class='ocrx_word' id='word_1_60' title='bbox 630 1032 776 1092; x_wconf 88' lang='lat' dir='ltr'><strong>Demetrii</strong></span> <span class='ocrx_word' id='word_1_61' title='bbox 803 1032 938 1094; x_wconf 76' lang='lat' dir='ltr'><strong>Phalerei</strong></span> <span class='ocrx_word' id='word_1_62' title='bbox 965 1034 1095 1094; x_wconf 79' lang='lat' dir='ltr'><strong>fratrem.</strong></span> <span class='ocrx_word' id='word_1_63' title='bbox 1151 1034 1194 1092; x_wconf 87' lang='lat' dir='ltr'><strong>Hi</strong></span> <span class='ocrx_word' id='word_1_64' title='bbox 1221 1034 1301 1093; x_wconf 90' lang='lat' dir='ltr'><strong>missi</strong></span> 
     </span>
     <span class='ocr_line' id='line_1_9' title="bbox 201 1124 1302 1209; baseline 0.001 -25"><span class='ocrx_word' id='word_1_65' title='bbox 201 1124 330 1201; x_wconf 77' lang='lat' dir='ltr'><strong>Cleonas</strong></span> <span class='ocrx_word' id='word_1_66' title='bbox 343 1125 383 1186; x_wconf 88' lang='lat' dir='ltr'><strong>ed</strong></span> <span class='ocrx_word' id='word_1_67' title='bbox 397 1126 586 1206; x_wconf 84' lang='lat' dir='ltr'><strong>Antipatrum</strong></span> <span class='ocrx_word' id='word_1_68' title='bbox 609 1126 705 1205; x_wconf 85' lang='lat' dir='ltr'><strong>capite</strong></span> <span class='ocrx_word' id='word_1_69' title='bbox 716 1126 895 1207; x_wconf 91' lang='lat' dir='ltr'><strong>plectuntur.</strong></span> <span class='ocrx_word' id='word_1_70' title='bbox 938 1126 1086 1209; x_wconf 84' lang='lat' dir='ltr'><strong>Hyperidi</strong></span> <span class='ocrx_word' id='word_1_71' title='bbox 1104 1128 1205 1205; x_wconf 85' lang='lat' dir='ltr'><strong>lingna</strong></span> <span class='ocrx_word' id='word_1_72' title='bbox 1225 1146 1302 1207; x_wconf 84' lang='lat' dir='ltr'><strong>prae·</strong></span> 
     </span>
     <span class='ocr_line' id='line_1_10' title="bbox 199 1217 1301 1301; baseline 0.004 -23"><span class='ocrx_word' id='word_1_73' title='bbox 199 1218 269 1278; x_wconf 84' lang='lat' dir='ltr'><strong>cisa.</strong></span> <span class='ocrx_word' id='word_1_74' title='bbox 311 1220 390 1278; x_wconf 90' lang='lat' dir='ltr'><strong>Plut.</strong></span> <span class='ocrx_word' id='word_1_75' title='bbox 404 1220 519 1278; x_wconf 90' lang='lat' dir='ltr'><strong>Arrian.</strong></span> <span class='ocrx_word' id='word_1_76' title='bbox 536 1219 677 1279; x_wconf 88' lang='lat' dir='ltr'><strong>derebus</strong></span> <span class='ocrx_word' id='word_1_77' title='bbox 699 1230 767 1299; x_wconf 89' lang='lat' dir='ltr'><strong>post</strong></span> <span class='ocrx_word' id='word_1_78' title='bbox 781 1220 867 1279; x_wconf 84' lang='lat' dir='ltr'><strong>Alex.</strong></span> <span class='ocrx_word' id='word_1_79' title='bbox 878 1221 980 1300; x_wconf 85' lang='lat' dir='ltr'><strong>gestis.</strong></span> <span class='ocrx_word' id='word_1_80' title='bbox 994 1220 1071 1301; x_wconf 88' lang='lat' dir='ltr'><strong>apud</strong></span> <span class='ocrx_word' id='word_1_81' title='bbox 1085 1220 1174 1280; x_wconf 91' lang='lat' dir='ltr'><strong>Phot.</strong></span> <span class='ocrx_word' id='word_1_82' title='bbox 1189 1240 1219 1299; x_wconf 92' lang='lat' dir='ltr'><strong>p.</strong></span> <span class='ocrx_word' id='word_1_83' title='bbox 1233 1217 1301 1282; x_wconf 70' lang='lat' dir='ltr'><strong>lte</strong></span> 
     </span>
     <span class='ocr_line' id='line_1_11' title="bbox 200 1310 1303 1393; baseline 0.002 -22"><span class='ocrx_word' id='word_1_84' title='bbox 200 1312 419 1373; x_wconf 83' lang='lat' dir='ltr'><strong>Demosthenes</strong></span> <span class='ocrx_word' id='word_1_85' title='bbox 434 1312 586 1391; x_wconf 90' lang='lat' dir='ltr'><strong>intemplo</strong></span> <span class='ocrx_word' id='word_1_86' title='bbox 601 1310 744 1392; x_wconf 89' lang='lat' dir='ltr'><strong>Neptuni,</strong></span> <span class='ocrx_word' id='word_1_87' title='bbox 755 1312 835 1393; x_wconf 88' lang='lat' dir='ltr'><strong>quod</strong></span> <span class='ocrx_word' id='word_1_88' title='bbox 849 1325 912 1375; x_wconf 87' lang='lat' dir='ltr'><strong>erat</strong></span> <span class='ocrx_word' id='word_1_89' title='bbox 923 1314 1078 1385; x_wconf 87' lang='lat' dir='ltr'><strong>Calauriae,</strong></span> <span class='ocrx_word' id='word_1_90' title='bbox 1093 1314 1187 1373; x_wconf 87' lang='lat' dir='ltr'><strong>sedet.</strong></span> <span class='ocrx_word' id='word_1_91' title='bbox 1230 1312 1303 1373; x_wconf 89' lang='lat' dir='ltr'><strong>Huc</strong></span> 
     </span>
     <span class='ocr_line' id='line_1_12' title="bbox 200 1404 1301 1487; baseline 0.003 -25"><span class='ocrx_word' id='word_1_92' title='bbox 200 1405 314 1483; x_wconf 91' lang='lat' dir='ltr'><strong>magnis</strong></span> <span class='ocrx_word' id='word_1_93' title='bbox 336 1405 471 1465; x_wconf 77' lang='lat' dir='ltr'><strong>actuariis</strong></span> <span class='ocrx_word' id='word_1_94' title='bbox 494 1404 647 1464; x_wconf 80' lang='lat' dir='ltr'><strong>contendit</strong></span> <span class='ocrx_word' id='word_1_95' title='bbox 667 1405 803 1477; x_wconf 80' lang='lat' dir='ltr'><strong>Archias,</strong></span> <span class='ocrx_word' id='word_1_96' title='bbox 827 1407 972 1487; x_wconf 78' lang='lat' dir='ltr'><strong>Antipatri</strong></span> <span class='ocrx_word' id='word_1_97' title='bbox 993 1406 1116 1485; x_wconf 87' lang='lat' dir='ltr'><strong>gratiam</strong></span> <span class='ocrx_word' id='word_1_98' title='bbox 1137 1404 1301 1485; x_wconf 87' lang='lat' dir='ltr'><strong>pollicetur.</strong></span> 
     </span>
     <span class='ocr_line' id='line_1_13' title="bbox 201 1496 1302 1580; baseline 0.003 -25"><span class='ocrx_word' id='word_1_99' title='bbox 201 1496 337 1557; x_wconf 87' lang='lat' dir='ltr'><strong>Eustath.</strong></span> <span class='ocrx_word' id='word_1_100' title='bbox 352 1516 455 1557; x_wconf 89' lang='lat' dir='ltr'><strong>comm.</strong></span> <span class='ocrx_word' id='word_1_101' title='bbox 470 1498 509 1557; x_wconf 91' lang='lat' dir='ltr'><strong>ad</strong></span> <span class='ocrx_word' id='word_1_102' title='bbox 520 1498 645 1578; x_wconf 89' lang='lat' dir='ltr'><strong>Dionys.</strong></span> <span class='ocrx_word' id='word_1_103' title='bbox 657 1496 775 1578; x_wconf 84' lang='lat' dir='ltr'><strong>Perieg.</strong></span> <span class='ocrx_word' id='word_1_104' title='bbox 789 1517 875 1560; x_wconf 83' lang='lat' dir='ltr'><strong>versu</strong></span> <span class='ocrx_word' id='word_1_105' title='bbox 888 1504 958 1562; x_wconf 81' lang='lat'><strong>469.</strong></span> <span class='ocrx_word' id='word_1_106' title='bbox 996 1498 1174 1580; x_wconf 88' lang='lat' dir='ltr'><strong>Insomnium</strong></span> <span class='ocrx_word' id='word_1_107' title='bbox 1189 1498 1231 1560; x_wconf 89' lang='lat' dir='ltr'><strong>D.</strong></span> <span class='ocrx_word' id='word_1_108' title='bbox 1242 1499 1302 1558; x_wconf 86' lang='lat' dir='ltr'><strong>Ar·</strong></span> 
     </span>
     <span class='ocr_line' id='line_1_14' title="bbox 201 1588 1301 1671; baseline 0.005 -23"><span class='ocrx_word' id='word_1_109' title='bbox 201 1588 277 1660; x_wconf 90' lang='lat' dir='ltr'><strong>chia,</strong></span> <span class='ocrx_word' id='word_1_110' title='bbox 312 1610 367 1649; x_wconf 89' lang='lat' dir='ltr'><strong>nec</strong></span> <span class='ocrx_word' id='word_1_111' title='bbox 396 1589 495 1650; x_wconf 88' lang='lat' dir='ltr'><strong>histrio</strong></span> <span class='ocrx_word' id='word_1_112' title='bbox 520 1610 567 1650; x_wconf 91' lang='lat' dir='ltr'><strong>me</strong></span> <span class='ocrx_word' id='word_1_113' title='bbox 598 1589 721 1662; x_wconf 86' lang='lat' dir='ltr'><strong>movisti,</strong></span> <span class='ocrx_word' id='word_1_114' title='bbox 753 1610 850 1671; x_wconf 87' lang='lat' dir='ltr'><strong>neque</strong></span> <span class='ocrx_word' id='word_1_115' title='bbox 881 1611 961 1652; x_wconf 87' lang='lat' dir='ltr'><strong>nunc</strong></span> <span class='ocrx_word' id='word_1_116' title='bbox 985 1592 1114 1651; x_wconf 83' lang='lat' dir='ltr'><strong>movebis</strong></span> <span class='ocrx_word' id='word_1_117' title='bbox 1135 1591 1301 1671; x_wconf 88' lang='lat' dir='ltr'><strong>promissor.</strong></span> 
     </span>
     <span class='ocr_line' id='line_1_15' title="bbox 201 1682 1300 1757; baseline 0.003 -16"><span class='ocrx_word' id='word_1_118' title='bbox 201 1684 270 1748; x_wconf 85' lang='lat' dir='ltr'><strong>Quo</strong></span> <span class='ocrx_word' id='word_1_119' title='bbox 283 1684 322 1742; x_wconf 90' lang='lat' dir='ltr'><strong>ad</strong></span> <span class='ocrx_word' id='word_1_120' title='bbox 335 1683 407 1743; x_wconf 89' lang='lat' dir='ltr'><strong>iram</strong></span> <span class='ocrx_word' id='word_1_121' title='bbox 423 1702 574 1754; x_wconf 78' lang='lat' dir='ltr'><strong>converso,</strong></span> <span class='ocrx_word' id='word_1_122' title='bbox 587 1684 685 1756; x_wconf 86' lang='lat' dir='ltr'><strong>Nunc,</strong></span> <span class='ocrx_word' id='word_1_123' title='bbox 704 1684 754 1755; x_wconf 88' lang='lat' dir='ltr'><strong>ait,</strong></span> <span class='ocrx_word' id='word_1_124' title='bbox 776 1686 895 1745; x_wconf 89' lang='lat' dir='ltr'><strong>oracula</strong></span> <span class='ocrx_word' id='word_1_125' title='bbox 913 1684 976 1744; x_wconf 90' lang='lat' dir='ltr'><strong>edis</strong></span> <span class='ocrx_word' id='word_1_126' title='bbox 991 1682 1196 1757; x_wconf 82' lang='lat' dir='ltr'><strong>Macedonica,</strong></span> <span class='ocrx_word' id='word_1_127' title='bbox 1210 1683 1300 1744; x_wconf 89' lang='lat' dir='ltr'><strong>modo</strong></span> 
     </span>
     <span class='ocr_line' id='line_1_16' title="bbox 199 1773 1299 1857; baseline 0.004 -26"><span class='ocrx_word' id='word_1_128' title='bbox 199 1773 319 1833; x_wconf 91' lang='lat' dir='ltr'><strong>mimum</strong></span> <span class='ocrx_word' id='word_1_129' title='bbox 339 1774 434 1855; x_wconf 83' lang='lat' dir='ltr'><strong>egisti.</strong></span> <span class='ocrx_word' id='word_1_130' title='bbox 478 1776 596 1836; x_wconf 88' lang='lat' dir='ltr'><strong>Sustine</strong></span> <span class='ocrx_word' id='word_1_131' title='bbox 616 1794 774 1857; x_wconf 84' lang='lat' dir='ltr'><strong>parumper</strong></span> <span class='ocrx_word' id='word_1_132' title='bbox 796 1776 867 1838; x_wconf 88' lang='lat' dir='ltr'><strong>dum</strong></span> <span class='ocrx_word' id='word_1_133' title='bbox 889 1796 971 1837; x_wconf 91' lang='lat' dir='ltr'><strong>meos</strong></span> <span class='ocrx_word' id='word_1_134' title='bbox 986 1776 1065 1836; x_wconf 91' lang='lat' dir='ltr'><strong>domi</strong></span> <span class='ocrx_word' id='word_1_135' title='bbox 1085 1777 1220 1836; x_wconf 85' lang='lat' dir='ltr'><strong>salutem.</strong></span> <span class='ocrx_word' id='word_1_136' title='bbox 1261 1776 1299 1835; x_wconf 87' lang='lat' dir='ltr'><strong>ln</strong></span> 
     </span>
     <span class='ocr_line' id='line_1_17' title="bbox 198 1865 1299 1948; baseline 0.003 -23"><span class='ocrx_word' id='word_1_137' title='bbox 198 1865 336 1929; x_wconf 79' lang='lat' dir='ltr'><strong>interiora</strong></span> <span class='ocrx_word' id='word_1_138' title='bbox 349 1869 448 1948; x_wconf 90' lang='lat' dir='ltr'><strong>templi</strong></span> <span class='ocrx_word' id='word_1_139' title='bbox 464 1868 617 1938; x_wconf 87' lang='lat' dir='ltr'><strong>recedens,</strong></span> <span class='ocrx_word' id='word_1_140' title='bbox 633 1865 773 1927; x_wconf 87' lang='lat' dir='ltr'><strong>scribenti</strong></span> <span class='ocrx_word' id='word_1_141' title='bbox 795 1880 827 1928; x_wconf 91' lang='lat' dir='ltr'><strong>et</strong></span> <span class='ocrx_word' id='word_1_142' title='bbox 848 1869 1000 1929; x_wconf 84' lang='lat' dir='ltr'><strong>meditanti</strong></span> <span class='ocrx_word' id='word_1_143' title='bbox 1021 1868 1130 1940; x_wconf 86' lang='lat' dir='ltr'><strong>similia,</strong></span> <span class='ocrx_word' id='word_1_144' title='bbox 1153 1870 1299 1930; x_wconf 83' lang='lat' dir='ltr'><strong>calammn</strong></span> 
     </span>
     <span class='ocr_line' id='line_1_18' title="bbox 123 1962 1301 2044; baseline 0.003 -24"><span class='ocrx_word' id='word_1_145' title='bbox 123 1979 127 1986; x_wconf 86' lang='grc'><em>’</em></span> <span class='ocrx_word' id='word_1_146' title='bbox 198 1980 313 2021; x_wconf 83' lang='lat' dir='ltr'><strong>veneno</strong></span> <span class='ocrx_word' id='word_1_147' title='bbox 327 1962 469 2024; x_wconf 89' lang='lat' dir='ltr'><strong>imbutum</strong></span> <span class='ocrx_word' id='word_1_148' title='bbox 483 1963 524 2023; x_wconf 89' lang='lat' dir='ltr'><strong>ori</strong></span> <span class='ocrx_word' id='word_1_149' title='bbox 539 1962 669 2023; x_wconf 86' lang='lat' dir='ltr'><strong>admovit</strong></span> <span class='ocrx_word' id='word_1_150' title='bbox 687 1962 784 2043; x_wconf 91' lang='lat' dir='ltr'><strong>capite</strong></span> <span class='ocrx_word' id='word_1_151' title='bbox 798 1962 947 2023; x_wconf 90' lang='lat' dir='ltr'><strong>inclinato.</strong></span> <span class='ocrx_word' id='word_1_152' title='bbox 990 1964 1164 2044; x_wconf 83' lang='lat' dir='ltr'><strong>Stipatores,</strong></span> <span class='ocrx_word' id='word_1_153' title='bbox 1186 1964 1237 2044; x_wconf 88' lang='lat' dir='ltr'><strong>qui</strong></span> <span class='ocrx_word' id='word_1_154' title='bbox 1259 1964 1301 2024; x_wconf 89' lang='lat' dir='ltr'><strong>sd</strong></span> 
     </span>
     <span class='ocr_line' id='line_1_19' title="bbox 198 2048 1299 2134; baseline 0.003 -23"><span class='ocrx_word' id='word_1_155' title='bbox 198 2050 279 2114; x_wconf 78' lang='lat' dir='ltr'><strong>sores</strong></span> <span class='ocrx_word' id='word_1_156' title='bbox 292 2056 418 2127; x_wconf 88' lang='lat' dir='ltr'><strong>stabant,</strong></span> <span class='ocrx_word' id='word_1_157' title='bbox 433 2055 556 2115; x_wconf 86' lang='lat' dir='ltr'><strong>riserunt</strong></span> <span class='ocrx_word' id='word_1_158' title='bbox 575 2064 608 2114; x_wconf 91' lang='lat' dir='ltr'><strong>ut</strong></span> <span class='ocrx_word' id='word_1_159' title='bbox 625 2054 773 2134; x_wconf 80' lang='lat' dir='ltr'><strong>ignavum.</strong></span> <span class='ocrx_word' id='word_1_160' title='bbox 817 2056 943 2115; x_wconf 84' lang='lat' dir='ltr'><strong>Archias</strong></span> <span class='ocrx_word' id='word_1_161' title='bbox 964 2056 1063 2115; x_wconf 85' lang='lat' dir='ltr'><strong>instet.</strong></span> <span class='ocrx_word' id='word_1_162' title='bbox 1105 2048 1247 2115; x_wconf 85' lang='lat' dir='ltr'><strong>Reditum</strong></span> <span class='ocrx_word' id='word_1_163' title='bbox 1268 2056 1299 2115; x_wconf 86' lang='lat' dir='ltr'><strong>iu</strong></span> 
     </span>
     <span class='ocr_line' id='line_1_20' title="bbox 198 2139 1299 2227; baseline 0.002 -20"><span class='ocrx_word' id='word_1_164' title='bbox 198 2148 322 2227; x_wconf 79' lang='lat' dir='ltr'><strong>gratiam</strong></span> <span class='ocrx_word' id='word_1_165' title='bbox 344 2168 411 2207; x_wconf 91' lang='lat' dir='ltr'><strong>cum</strong></span> <span class='ocrx_word' id='word_1_166' title='bbox 427 2148 584 2227; x_wconf 87' lang='lat' dir='ltr'><strong>Antipatro</strong></span> <span class='ocrx_word' id='word_1_167' title='bbox 603 2148 741 2207; x_wconf 88' lang='lat' dir='ltr'><strong>ostendit.</strong></span> <span class='ocrx_word' id='word_1_168' title='bbox 783 2148 906 2209; x_wconf 88' lang='lat' dir='ltr'><strong>Intenlis</strong></span> <span class='ocrx_word' id='word_1_169' title='bbox 919 2149 950 2207; x_wconf 91' lang='lat' dir='ltr'><strong>in</strong></span> <span class='ocrx_word' id='word_1_170' title='bbox 965 2148 1101 2209; x_wconf 85' lang='lat' dir='ltr'><strong>Archiam</strong></span> <span class='ocrx_word' id='word_1_171' title='bbox 1116 2149 1216 2220; x_wconf 88' lang='lat' dir='ltr'><strong>oculis,</strong></span> <span class='ocrx_word' id='word_1_172' title='bbox 1238 2139 1299 2210; x_wconf 72' lang='lat' dir='ltr'><strong>Fac</strong></span> 
     </span>
     <span class='ocr_line' id='line_1_21' title="bbox 199 2240 1299 2322; baseline 0.004 -23"><span class='ocrx_word' id='word_1_173' title='bbox 199 2260 270 2319; x_wconf 83' lang='lat' dir='ltr'><strong>agas</strong></span> <span class='ocrx_word' id='word_1_174' title='bbox 292 2260 327 2301; x_wconf 89' lang='lat' dir='ltr'><strong>ex</strong></span> <span class='ocrx_word' id='word_1_175' title='bbox 348 2242 483 2321; x_wconf 85' lang='lat' dir='ltr'><strong>tragoedo</strong></span> <span class='ocrx_word' id='word_1_176' title='bbox 498 2240 656 2302; x_wconf 89' lang='lat' dir='ltr'><strong>Creontem</strong></span> <span class='ocrx_word' id='word_1_177' title='bbox 676 2251 735 2304; x_wconf 91' lang='lat' dir='ltr'><strong>etc.</strong></span> <span class='ocrx_word' id='word_1_178' title='bbox 779 2244 953 2303; x_wconf 83' lang='lat' dir='ltr'><strong>Cumarum</strong></span> <span class='ocrx_word' id='word_1_179' title='bbox 972 2242 1148 2322; x_wconf 68' lang='lat' dir='ltr'><strong>praeteriret,</strong></span> <span class='ocrx_word' id='word_1_180' title='bbox 1168 2242 1299 2303; x_wconf 90' lang='lat' dir='ltr'><strong>concidit</strong></span> 
     </span>
     <span class='ocr_line' id='line_1_22' title="bbox 198 2332 1300 2413; baseline 0.005 -23"><span class='ocrx_word' id='word_1_181' title='bbox 198 2334 383 2413; x_wconf 79' lang='lat' dir='ltr'><strong>animamque</strong></span> <span class='ocrx_word' id='word_1_182' title='bbox 407 2332 523 2394; x_wconf 88' lang='lat' dir='ltr'><strong>efflavit.</strong></span> <span class='ocrx_word' id='word_1_183' title='bbox 564 2332 833 2395; x_wconf 83' lang='grc' dir='ltr'>ΔΗΜΟΣΘΕΝΗΣ</span> <span class='ocrx_word' id='word_1_184' title='bbox 859 2334 1089 2395; x_wconf 74' lang='lat' dir='ltr'><strong>enlmttlot.</strong></span> <span class='ocrx_word' id='word_1_185' title='bbox 1116 2334 1171 2394; x_wconf 93' lang='lat' dir='ltr'><strong>Dr.</strong></span> <span class='ocrx_word' id='word_1_186' title='bbox 1193 2335 1300 2396; x_wconf 87' lang='lat' dir='ltr'><strong>Mead&#39;.</strong></span> 
     </span>
     <span class='ocr_line' id='line_1_23' title="bbox 199 2426 1300 2507; baseline 0.002 -22"><span class='ocrx_word' id='word_1_187' title='bbox 199 2426 311 2486; x_wconf 87' lang='lat' dir='ltr'><strong>Barton</strong></span> <span class='ocrx_word' id='word_1_188' title='bbox 332 2427 370 2487; x_wconf 88' lang='lat' dir='ltr'><strong>ad</strong></span> <span class='ocrx_word' id='word_1_189' title='bbox 384 2427 533 2487; x_wconf 88' lang='lat' dir='ltr'><strong>Plutarch.</strong></span> <span class='ocrx_word' id='word_1_190' title='bbox 563 2426 614 2487; x_wconf 90' lang='lat' dir='ltr'><strong>De</strong></span> <span class='ocrx_word' id='word_1_191' title='bbox 634 2428 785 2487; x_wconf 68' lang='lat' dir='ltr'><strong>morte&#39;D.</strong></span> <span class='ocrx_word' id='word_1_192' title='bbox 800 2438 831 2488; x_wconf 90' lang='lat' dir='ltr'><strong>et</strong></span> <span class='ocrx_word' id='word_1_193' title='bbox 855 2448 963 2507; x_wconf 89' lang='lat' dir='ltr'><strong>genere</strong></span> <span class='ocrx_word' id='word_1_194' title='bbox 983 2428 1089 2487; x_wconf 75' lang='lat' dir='ltr'><strong>&#39;mortis</strong></span> <span class='ocrx_word' id='word_1_195' title='bbox 1114 2427 1221 2487; x_wconf 85' lang='lat' dir='ltr'><strong>Strabo</strong></span> <span class='ocrx_word' id='word_1_196' title='bbox 1234 2428 1255 2487; x_wconf 94' lang='lat' dir='ltr'><strong>l.</strong></span> <span class='ocrx_word' id='word_1_197' title='bbox 1269 2432 1300 2491; x_wconf 74' lang='lat'><strong>8.</strong></span> 
     </span>
     <span class='ocr_line' id='line_1_24' title="bbox 199 2518 1299 2601; baseline 0.004 -24"><span class='ocrx_word' id='word_1_198' title='bbox 199 2518 325 2580; x_wconf 86' lang='lat' dir='ltr'><strong>Pausan.</strong></span> <span class='ocrx_word' id='word_1_199' title='bbox 349 2520 377 2577; x_wconf 92' lang='lat' dir='ltr'><strong>in</strong></span> <span class='ocrx_word' id='word_1_200' title='bbox 399 2520 488 2579; x_wconf 86' lang='lat' dir='ltr'><strong>Attio.</strong></span> <span class='ocrx_word' id='word_1_201' title='bbox 511 2530 541 2579; x_wconf 91' lang='lat' dir='ltr'><strong>et</strong></span> <span class='ocrx_word' id='word_1_202' title='bbox 555 2520 689 2581; x_wconf 87' lang='lat' dir='ltr'><strong>Corinth.</strong></span> <span class='ocrx_word' id='word_1_203' title='bbox 705 2518 787 2579; x_wconf 90' lang='lat' dir='ltr'><strong>Hell.</strong></span> <span class='ocrx_word' id='word_1_204' title='bbox 802 2521 903 2580; x_wconf 91' lang='lat' dir='ltr'><strong>XVII.</strong></span> <span class='ocrx_word' id='word_1_205' title='bbox 917 2524 968 2581; x_wconf 65' lang='lat' dir='ltr'><strong>Pl.</strong></span> <span class='ocrx_word' id='word_1_206' title='bbox 1020 2520 1099 2601; x_wconf 90' lang='lat' dir='ltr'><strong>Nep.</strong></span> <span class='ocrx_word' id='word_1_207' title='bbox 1121 2519 1150 2578; x_wconf 92' lang='lat' dir='ltr'><strong>in</strong></span> <span class='ocrx_word' id='word_1_208' title='bbox 1166 2520 1299 2582; x_wconf 88' lang='lat' dir='ltr'><strong>Hannih.</strong></span> 
     </span>
     <span class='ocr_line' id='line_1_25' title="bbox 198 2610 1299 2675; baseline 0.002 -2"><span class='ocrx_word' id='word_1_209' title='bbox 198 2614 253 2673; x_wconf 92' lang='lat' dir='ltr'><strong>Dr.</strong></span> <span class='ocrx_word' id='word_1_210' title='bbox 270 2613 444 2674; x_wconf 88' lang='lat' dir='ltr'><strong>Heberden.</strong></span> <span class='ocrx_word' id='word_1_211' title='bbox 465 2614 521 2673; x_wconf 88' lang='lat' dir='ltr'><strong>Dr.</strong></span> <span class='ocrx_word' id='word_1_212' title='bbox 537 2614 655 2673; x_wconf 82' lang='lat' dir='ltr'><strong>Aslrew.</strong></span> <span class='ocrx_word' id='word_1_213' title='bbox 698 2613 907 2674; x_wconf 90' lang='lat' dir='ltr'><strong>Eratosthenes</strong></span> <span class='ocrx_word' id='word_1_214' title='bbox 928 2614 958 2672; x_wconf 92' lang='lat' dir='ltr'><strong>in</strong></span> <span class='ocrx_word' id='word_1_215' title='bbox 980 2634 1054 2674; x_wconf 84' lang='lat' dir='ltr'><strong>cavo</strong></span> <span class='ocrx_word' id='word_1_216' title='bbox 1074 2610 1182 2672; x_wconf 87' lang='lat' dir='ltr'><strong>aitnulo</strong></span> <span class='ocrx_word' id='word_1_217' title='bbox 1205 2614 1299 2675; x_wconf 84' lang='lat' dir='ltr'><strong>refert</strong></span> 
     </span>
     <span class='ocr_line' id='line_1_26' title="bbox 198 2704 1297 2789; baseline 0.001 -21"><span class='ocrx_word' id='word_1_218' title='bbox 198 2726 265 2768; x_wconf 85' lang='lat' dir='ltr'><strong>eum</strong></span> <span class='ocrx_word' id='word_1_219' title='bbox 279 2726 424 2767; x_wconf 87' lang='lat' dir='ltr'><strong>venenum</strong></span> <span class='ocrx_word' id='word_1_220' title='bbox 447 2707 594 2779; x_wconf 86' lang='lat' dir='ltr'><strong>habuisse,</strong></span> <span class='ocrx_word' id='word_1_221' title='bbox 615 2717 646 2766; x_wconf 92' lang='lat' dir='ltr'><strong>et</strong></span> <span class='ocrx_word' id='word_1_222' title='bbox 667 2706 746 2766; x_wconf 91' lang='lat' dir='ltr'><strong>hunc</strong></span> <span class='ocrx_word' id='word_1_223' title='bbox 766 2707 905 2765; x_wconf 88' lang='lat' dir='ltr'><strong>annulum</strong></span> <span class='ocrx_word' id='word_1_224' title='bbox 926 2726 980 2789; x_wconf 89' lang='lat' dir='ltr'><strong>pro</strong></span> <span class='ocrx_word' id='word_1_225' title='bbox 1001 2704 1140 2766; x_wconf 86' lang='lat' dir='ltr'><strong>brachiali</strong></span> <span class='ocrx_word' id='word_1_226' title='bbox 1160 2708 1297 2787; x_wconf 81' lang='lat' dir='ltr'><strong>gessisse.</strong></span> 
     </span>
     <span class='ocr_line' id='line_1_27' title="bbox 198 2795 1298 2879; baseline 0.004 -22"><span class='ocrx_word' id='word_1_227' title='bbox 198 2798 274 2859; x_wconf 89' lang='lat' dir='ltr'><strong>Plin.</strong></span> <span class='ocrx_word' id='word_1_228' title='bbox 290 2800 387 2861; x_wconf 90' lang='lat' dir='ltr'><strong>XXX.</strong></span> <span class='ocrx_word' id='word_1_229' title='bbox 404 2806 431 2861; x_wconf 94' lang='lat' dir='ltr'><strong>l.</strong></span> <span class='ocrx_word' id='word_1_230' title='bbox 475 2800 535 2859; x_wconf 90' lang='lat' dir='ltr'><strong>Alii</strong></span> <span class='ocrx_word' id='word_1_231' title='bbox 549 2798 603 2859; x_wconf 87' lang='lat' dir='ltr'><strong>sub</strong></span> <span class='ocrx_word' id='word_1_232' title='bbox 619 2800 741 2879; x_wconf 84' lang='lat' dir='ltr'><strong>gemmis</strong></span> <span class='ocrx_word' id='word_1_233' title='bbox 755 2818 869 2859; x_wconf 83' lang='lat' dir='ltr'><strong>venena</strong></span> <span class='ocrx_word' id='word_1_234' title='bbox 882 2799 1012 2871; x_wconf 88' lang='lat' dir='ltr'><strong>cludunt,</strong></span> <span class='ocrx_word' id='word_1_235' title='bbox 1026 2800 1102 2859; x_wconf 87' lang='lat' dir='ltr'><strong>sicut</strong></span> <span class='ocrx_word' id='word_1_236' title='bbox 1116 2795 1205 2861; x_wconf 92' lang='lat' dir='ltr'><strong>Dem.</strong></span> <span class='ocrx_word' id='word_1_237' title='bbox 1219 2809 1298 2861; x_wconf 85' lang='lat' dir='ltr'><strong>sum·</strong></span> 
     </span>
     <span class='ocr_line' id='line_1_28' title="bbox 196 2892 1296 2971; baseline 0.002 -21"><span class='ocrx_word' id='word_1_238' title='bbox 196 2908 262 2951; x_wconf 88' lang='lat' dir='ltr'><strong>mus</strong></span> <span class='ocrx_word' id='word_1_239' title='bbox 298 2892 424 2953; x_wconf 83' lang='lat' dir='ltr'><strong>Groeciae</strong></span> <span class='ocrx_word' id='word_1_240' title='bbox 460 2904 567 2965; x_wconf 87' lang='lat' dir='ltr'><strong>orator,</strong></span> <span class='ocrx_word' id='word_1_241' title='bbox 605 2893 764 2971; x_wconf 83' lang='lat' dir='ltr'><strong>anulosque</strong></span> <span class='ocrx_word' id='word_1_242' title='bbox 795 2892 893 2951; x_wconf 89' lang='lat' dir='ltr'><strong>mortis</strong></span> <span class='ocrx_word' id='word_1_243' title='bbox 928 2892 1024 2971; x_wconf 82' lang='lat' dir='ltr'><strong>gratia</strong></span> <span class='ocrx_word' id='word_1_244' title='bbox 1054 2892 1175 2952; x_wconf 79' lang='lat' dir='ltr'><strong>habent</strong></span> <span class='ocrx_word' id='word_1_245' title='bbox 1218 2892 1296 2953; x_wconf 89' lang='lat' dir='ltr'><strong>Plin.</strong></span> 
     </span>
    </p>
   </div>
   <div class='ocr_carea' id='block_1_3' title="bbox 86 2984 1295 3065">
    <p class='ocr_par' dir='ltr' id='par_1_3' title="bbox 86 2984 1295 3065">
     <span class='ocr_line' id='line_1_29' title="bbox 86 2984 1295 3065; baseline 0.003 -22"><span class='ocrx_word' id='word_1_246' title='bbox 86 3032 90 3050; x_wconf 87' lang='lat'><strong>.</strong></span> <span class='ocrx_word' id='word_1_247' title='bbox 197 2986 346 3051; x_wconf 87' lang='lat' dir='ltr'><strong>XXXIII.</strong></span> <span class='ocrx_word' id='word_1_248' title='bbox 361 2992 387 3047; x_wconf 90' lang='lat' dir='ltr'><strong>l.</strong></span> <span class='ocrx_word' id='word_1_249' title='bbox 412 2986 537 3046; x_wconf 87' lang='lat' dir='ltr'><strong>Pausan.</strong></span> <span class='ocrx_word' id='word_1_250' title='bbox 551 2987 580 3044; x_wconf 90' lang='lat' dir='ltr'><strong>irr</strong></span> <span class='ocrx_word' id='word_1_251' title='bbox 597 2987 661 3045; x_wconf 92' lang='lat' dir='ltr'><strong>Att.</strong></span> <span class='ocrx_word' id='word_1_252' title='bbox 680 3006 709 3065; x_wconf 93' lang='lat' dir='ltr'><strong>p.</strong></span> <span class='ocrx_word' id='word_1_253' title='bbox 722 2991 769 3046; x_wconf 72' lang='lat'><strong>14.</strong></span> <span class='ocrx_word' id='word_1_254' title='bbox 811 2984 950 3044; x_wconf 68' lang='lat' dir='ltr'><strong>Vrncent.</strong></span> <span class='ocrx_word' id='word_1_255' title='bbox 963 2984 1112 3043; x_wconf 79' lang='lat' dir='ltr'><strong>Bellonae.</strong></span> <span class='ocrx_word' id='word_1_256' title='bbox 1126 3004 1207 3063; x_wconf 83' lang='lat' dir='ltr'><strong>spec.</strong></span> <span class='ocrx_word' id='word_1_257' title='bbox 1221 2984 1295 3048; x_wconf 88' lang='lat' dir='ltr'><strong>Nat.</strong></span> 
     </span>
    </p>
   </div>
   <div class='ocr_carea' id='block_1_4' title="bbox 186 3076 1294 4557">
    <p class='ocr_par' dir='ltr' id='par_1_4' title="bbox 186 3076 1294 4557">
     <span class='ocr_line' id='line_1_30' title="bbox 196 3076 1294 3168; baseline 0.004 -33"><span class='ocrx_word' id='word_1_258' title='bbox 196 3078 216 3135; x_wconf 95' lang='lat' dir='ltr'><strong>l.</strong></span> <span class='ocrx_word' id='word_1_259' title='bbox 231 3084 261 3143; x_wconf 83' lang='lat'><strong>7.</strong></span> <span class='ocrx_word' id='word_1_260' title='bbox 284 3080 365 3139; x_wconf 90' lang='lat' dir='ltr'><strong>Obiit</strong></span> <span class='ocrx_word' id='word_1_261' title='bbox 379 3084 432 3168; x_wconf 74' lang='lat'><strong>¹⁶¹.</strong></span> <span class='ocrx_word' id='word_1_262' title='bbox 441 3080 547 3138; x_wconf 88' lang='lat' dir='ltr'><strong>mensis</strong></span> <span class='ocrx_word' id='word_1_263' title='bbox 562 3078 783 3157; x_wconf 88' lang='lat' dir='ltr'><strong>Pyanepsionis.</strong></span> <span class='ocrx_word' id='word_1_264' title='bbox 812 3077 887 3138; x_wconf 80' lang='lat' dir='ltr'><strong>Plut</strong></span> <span class='ocrx_word' id='word_1_265' title='bbox 903 3077 932 3135; x_wconf 91' lang='lat' dir='ltr'><strong>in</strong></span> <span class='ocrx_word' id='word_1_266' title='bbox 954 3088 1075 3157; x_wconf 89' lang='lat' dir='ltr'><strong>utraque</strong></span> <span class='ocrx_word' id='word_1_267' title='bbox 1089 3076 1156 3137; x_wconf 83' lang='lat' dir='ltr'><strong>vita.</strong></span> <span class='ocrx_word' id='word_1_268' title='bbox 1178 3078 1294 3140; x_wconf 85' lang='lat' dir='ltr'><strong>Meum.</strong></span> 
     </span>
     <span class='ocr_line' id='line_1_31' title="bbox 195 3168 1294 3249; baseline 0.001 -20"><span class='ocrx_word' id='word_1_269' title='bbox 195 3170 279 3231; x_wconf 87' lang='lat' dir='ltr'><strong>Lect.</strong></span> <span class='ocrx_word' id='word_1_270' title='bbox 295 3172 354 3231; x_wconf 91' lang='lat' dir='ltr'><strong>Att.</strong></span> <span class='ocrx_word' id='word_1_271' title='bbox 367 3170 421 3230; x_wconf 84' lang='lat' dir='ltr'><strong>IV.</strong></span> <span class='ocrx_word' id='word_1_272' title='bbox 435 3177 484 3233; x_wconf 78' lang='lat' dir='ltr'><strong>al.</strong></span> <span class='ocrx_word' id='word_1_273' title='bbox 518 3171 631 3231; x_wconf 89' lang='lat' dir='ltr'><strong>Corsin.</strong></span> <span class='ocrx_word' id='word_1_274' title='bbox 644 3170 678 3229; x_wconf 90' lang='lat' dir='ltr'><strong>F.</strong></span> <span class='ocrx_word' id='word_1_275' title='bbox 692 3172 731 3228; x_wconf 91' lang='lat' dir='ltr'><strong>A.</strong></span> <span class='ocrx_word' id='word_1_276' title='bbox 748 3170 785 3229; x_wconf 88' lang='lat' dir='ltr'><strong>T.</strong></span> <span class='ocrx_word' id='word_1_277' title='bbox 799 3170 825 3228; x_wconf 92' lang='lat' dir='ltr'><strong>l.</strong></span> <span class='ocrx_word' id='word_1_278' title='bbox 836 3190 865 3249; x_wconf 88' lang='lat' dir='ltr'><strong>p.</strong></span> <span class='ocrx_word' id='word_1_279' title='bbox 881 3174 947 3230; x_wconf 84' lang='lat'><strong>108.</strong></span> <span class='ocrx_word' id='word_1_280' title='bbox 980 3168 1063 3230; x_wconf 90' lang='lat' dir='ltr'><strong>Obiit</strong></span> <span class='ocrx_word' id='word_1_281' title='bbox 1077 3168 1124 3229; x_wconf 88' lang='lat' dir='ltr'><strong>die</strong></span> <span class='ocrx_word' id='word_1_282' title='bbox 1137 3172 1186 3235; x_wconf 84' lang='lat'><strong>17.</strong></span> <span class='ocrx_word' id='word_1_283' title='bbox 1198 3169 1294 3232; x_wconf 65' lang='lat' dir='ltr'><strong>Octo*</strong></span> 
     </span>
     <span class='ocr_line' id='line_1_32' title="bbox 194 3262 1294 3344; baseline -0.001 -20"><span class='ocrx_word' id='word_1_284' title='bbox 194 3266 263 3335; x_wconf 89' lang='lat' dir='ltr'><strong>bris,</strong></span> <span class='ocrx_word' id='word_1_285' title='bbox 274 3279 360 3344; x_wconf 85' lang='lat' dir='ltr'><strong>quern</strong></span> <span class='ocrx_word' id='word_1_286' title='bbox 375 3263 452 3322; x_wconf 89' lang='lat' dir='ltr'><strong>diem</strong></span> <span class='ocrx_word' id='word_1_287' title='bbox 464 3264 580 3325; x_wconf 83' lang='lat' dir='ltr'><strong>Cereris</strong></span> <span class='ocrx_word' id='word_1_288' title='bbox 595 3263 684 3322; x_wconf 87' lang='lat' dir='ltr'><strong>sacris</strong></span> <span class='ocrx_word' id='word_1_289' title='bbox 699 3262 891 3322; x_wconf 88' lang='lat' dir='ltr'><strong>tristissimum</strong></span> <span class='ocrx_word' id='word_1_290' title='bbox 906 3272 1027 3341; x_wconf 88' lang='lat' dir='ltr'><strong>agentes</strong></span> <span class='ocrx_word' id='word_1_291' title='bbox 1036 3263 1163 3322; x_wconf 85' lang='lat' dir='ltr'><strong>foeminae</strong></span> <span class='ocrx_word' id='word_1_292' title='bbox 1176 3263 1205 3323; x_wconf 92' lang='lat' dir='ltr'><strong>in</strong></span> <span class='ocrx_word' id='word_1_293' title='bbox 1219 3274 1294 3323; x_wconf 89' lang='lat' dir='ltr'><strong>tem·</strong></span> 
     </span>
     <span class='ocr_line' id='line_1_33' title="bbox 192 3356 1293 3437; baseline 0.002 -22"><span class='ocrx_word' id='word_1_294' title='bbox 192 3358 243 3437; x_wconf 89' lang='lat' dir='ltr'><strong>plo</strong></span> <span class='ocrx_word' id='word_1_295' title='bbox 258 3358 335 3427; x_wconf 82' lang='lat' dir='ltr'><strong>Deae</strong></span> <span class='ocrx_word' id='word_1_296' title='bbox 352 3360 497 3436; x_wconf 88' lang='lat' dir='ltr'><strong>jejunant.</strong></span> <span class='ocrx_word' id='word_1_297' title='bbox 540 3356 670 3435; x_wconf 91' lang='lat' dir='ltr'><strong>Contigit</strong></span> <span class='ocrx_word' id='word_1_298' title='bbox 679 3356 740 3415; x_wconf 81' lang='lat' dir='ltr'><strong>&#39;hoc</strong></span> <span class='ocrx_word' id='word_1_299' title='bbox 755 3362 827 3417; x_wconf 75' lang='lat'><strong>280.</strong></span> <span class='ocrx_word' id='word_1_300' title='bbox 847 3356 930 3416; x_wconf 90' lang='lat' dir='ltr'><strong>annis</strong></span> <span class='ocrx_word' id='word_1_301' title='bbox 948 3368 1017 3416; x_wconf 88' lang='lat' dir='ltr'><strong>ante</strong></span> <span class='ocrx_word' id='word_1_302' title='bbox 1037 3376 1190 3416; x_wconf 88' lang='lat' dir='ltr'><strong>excessum</strong></span> <span class='ocrx_word' id='word_1_303' title='bbox 1204 3357 1293 3418; x_wconf 88' lang='lat' dir='ltr'><strong>Cice·</strong></span> 
     </span>
     <span class='ocr_line' id='line_1_34' title="bbox 192 3450 1292 3531; baseline 0.003 -21"><span class='ocrx_word' id='word_1_304' title='bbox 192 3452 280 3511; x_wconf 87' lang='lat' dir='ltr'><strong>rouis.</strong></span> <span class='ocrx_word' id='word_1_305' title='bbox 322 3450 396 3529; x_wconf 88' lang='lat' dir='ltr'><strong>Ejus</strong></span> <span class='ocrx_word' id='word_1_306' title='bbox 410 3451 538 3511; x_wconf 87' lang='lat' dir='ltr'><strong>tumulus</strong></span> <span class='ocrx_word' id='word_1_307' title='bbox 554 3450 697 3510; x_wconf 84' lang='lat' dir='ltr'><strong>Calauriae</strong></span> <span class='ocrx_word' id='word_1_308' title='bbox 719 3451 750 3509; x_wconf 92' lang='lat' dir='ltr'><strong>in</strong></span> <span class='ocrx_word' id='word_1_309' title='bbox 772 3450 841 3511; x_wconf 86' lang='lat' dir='ltr'><strong>fano</strong></span> <span class='ocrx_word' id='word_1_310' title='bbox 862 3450 1006 3531; x_wconf 86' lang='lat' dir='ltr'><strong>Neptuni.</strong></span> <span class='ocrx_word' id='word_1_311' title='bbox 1047 3450 1173 3511; x_wconf 84' lang='lat' dir='ltr'><strong>Pauseu.</strong></span> <span class='ocrx_word' id='word_1_312' title='bbox 1196 3471 1224 3531; x_wconf 90' lang='lat' dir='ltr'><strong>p.</strong></span> <span class='ocrx_word' id='word_1_313' title='bbox 1242 3458 1292 3513; x_wconf 75' lang='lat'><strong>18.</strong></span> 
     </span>
     <span class='ocr_line' id='line_1_35' title="bbox 192 3542 1293 3624; baseline 0.005 -24"><span class='ocrx_word' id='word_1_314' title='bbox 192 3548 307 3604; x_wconf 74' lang='lat' dir='ltr'><strong>erasa.</strong></span> <span class='ocrx_word' id='word_1_315' title='bbox 340 3542 445 3603; x_wconf 85' lang='lat' dir='ltr'><strong>Strabo</strong></span> <span class='ocrx_word' id='word_1_316' title='bbox 458 3544 478 3602; x_wconf 91' lang='lat' dir='ltr'><strong>l.</strong></span> <span class='ocrx_word' id='word_1_317' title='bbox 491 3546 521 3603; x_wconf 85' lang='lat'><strong>8.</strong></span> <span class='ocrx_word' id='word_1_318' title='bbox 564 3542 650 3602; x_wconf 89' lang='lat' dir='ltr'><strong>Circa</strong></span> <span class='ocrx_word' id='word_1_319' title='bbox 673 3542 909 3623; x_wconf 86' lang='lat' dir='ltr'><strong>Peloponnesum</strong></span> <span class='ocrx_word' id='word_1_320' title='bbox 931 3544 1018 3603; x_wconf 91' lang='lat' dir='ltr'><strong>etiam</strong></span> <span class='ocrx_word' id='word_1_321' title='bbox 1040 3564 1121 3603; x_wconf 89' lang='lat' dir='ltr'><strong>nunc</strong></span> <span class='ocrx_word' id='word_1_322' title='bbox 1145 3544 1173 3602; x_wconf 90' lang='lat' dir='ltr'><strong>in</strong></span> <span class='ocrx_word' id='word_1_323' title='bbox 1189 3544 1293 3624; x_wconf 82' lang='lat' dir='ltr'><strong>AEgreo</strong></span> 
     </span>
     <span class='ocr_line' id='line_1_36' title="bbox 192 3634 1293 3716; baseline 0 -19"><span class='ocrx_word' id='word_1_324' title='bbox 192 3636 336 3697; x_wconf 90' lang='lat' dir='ltr'><strong>Phthiusa</strong></span> <span class='ocrx_word' id='word_1_325' title='bbox 360 3648 390 3697; x_wconf 92' lang='lat' dir='ltr'><strong>et</strong></span> <span class='ocrx_word' id='word_1_326' title='bbox 403 3637 509 3715; x_wconf 86' lang='lat' dir='ltr'><strong>AEgina</strong></span> <span class='ocrx_word' id='word_1_327' title='bbox 524 3634 701 3716; x_wconf 81' lang='lat' dir='ltr'><strong>Epidaurico</strong></span> <span class='ocrx_word' id='word_1_328' title='bbox 722 3636 799 3696; x_wconf 89' lang='lat' dir='ltr'><strong>litori</strong></span> <span class='ocrx_word' id='word_1_329' title='bbox 823 3636 964 3715; x_wconf 85' lang='lat' dir='ltr'><strong>proxima,</strong></span> <span class='ocrx_word' id='word_1_330' title='bbox 980 3634 1136 3695; x_wconf 80' lang='lat' dir='ltr'><strong>Troezenia</strong></span> <span class='ocrx_word' id='word_1_331' title='bbox 1154 3636 1293 3697; x_wconf 85' lang='lat' dir='ltr'><strong>Calauria</strong></span> 
     </span>
     <span class='ocr_line' id='line_1_37' title="bbox 189 3721 1292 3810; baseline 0 -21"><span class='ocrx_word' id='word_1_332' title='bbox 189 3730 266 3790; x_wconf 89' lang='lat' dir='ltr'><strong>inter</strong></span> <span class='ocrx_word' id='word_1_333' title='bbox 276 3730 420 3810; x_wconf 82' lang='lat' dir='ltr'><strong>ignobiles</strong></span> <span class='ocrx_word' id='word_1_334' title='bbox 434 3730 506 3789; x_wconf 87' lang='lat' dir='ltr'><strong>alias</strong></span> <span class='ocrx_word' id='word_1_335' title='bbox 520 3730 581 3789; x_wconf 89' lang='lat' dir='ltr'><strong>leto</strong></span> <span class='ocrx_word' id='word_1_336' title='bbox 593 3730 681 3789; x_wconf 88' lang='lat' dir='ltr'><strong>Deru.</strong></span> <span class='ocrx_word' id='word_1_337' title='bbox 695 3730 808 3790; x_wconf 90' lang='lat' dir='ltr'><strong>nobilis.</strong></span> <span class='ocrx_word' id='word_1_338' title='bbox 829 3732 973 3809; x_wconf 92' lang='lat' dir='ltr'><strong>Pompon.</strong></span> <span class='ocrx_word' id='word_1_339' title='bbox 987 3721 1073 3789; x_wconf 82' lang='lat' dir='ltr'><strong>Mela</strong></span> <span class='ocrx_word' id='word_1_340' title='bbox 1087 3728 1128 3788; x_wconf 91' lang='lat'><strong>11.</strong></span> <span class='ocrx_word' id='word_1_341' title='bbox 1142 3733 1171 3794; x_wconf 86' lang='grc'><strong>7.</strong></span> <span class='ocrx_word' id='word_1_342' title='bbox 1213 3728 1292 3789; x_wconf 86' lang='lat' dir='ltr'><strong>Cum</strong></span> 
     </span>
     <span class='ocr_line' id='line_1_38' title="bbox 190 3822 1291 3903; baseline -0.002 -20"><span class='ocrx_word' id='word_1_343' title='bbox 190 3825 309 3883; x_wconf 90' lang='lat' dir='ltr'><strong>domum</strong></span> <span class='ocrx_word' id='word_1_344' title='bbox 336 3834 475 3883; x_wconf 82' lang='lat' dir='ltr'><strong>aeternam</strong></span> <span class='ocrx_word' id='word_1_345' title='bbox 503 3822 584 3892; x_wconf 89' lang='lat' dir='ltr'><strong>adiit,</strong></span> <span class='ocrx_word' id='word_1_346' title='bbox 612 3832 788 3883; x_wconf 86' lang='lat' dir='ltr'><strong>testamento</strong></span> <span class='ocrx_word' id='word_1_347' title='bbox 816 3822 933 3903; x_wconf 90' lang='lat' dir='ltr'><strong>reliquit</strong></span> <span class='ocrx_word' id='word_1_348' title='bbox 959 3822 1136 3901; x_wconf 84' lang='lat' dir='ltr'><strong>Archippum</strong></span> <span class='ocrx_word' id='word_1_349' title='bbox 1164 3839 1291 3881; x_wconf 83' lang='lat' dir='ltr'><strong>uxorem</strong></span> 
     </span>
     <span class='ocr_line' id='line_1_39' title="bbox 189 3914 1290 3996; baseline -0.001 -20"><span class='ocrx_word' id='word_1_350' title='bbox 189 3934 274 3977; x_wconf 85' lang='lat' dir='ltr'><strong>servo</strong></span> <span class='ocrx_word' id='word_1_351' title='bbox 289 3916 456 3975; x_wconf 89' lang='lat' dir='ltr'><strong>Phormioni</strong></span> <span class='ocrx_word' id='word_1_352' title='bbox 470 3936 536 3974; x_wconf 87' lang='lat' dir='ltr'><strong>eum</strong></span> <span class='ocrx_word' id='word_1_353' title='bbox 555 3916 697 3975; x_wconf 86' lang='lat' dir='ltr'><strong>libertate.</strong></span> <span class='ocrx_word' id='word_1_354' title='bbox 739 3914 866 3996; x_wconf 81' lang='lat' dir='ltr'><strong>Thyrius</strong></span> <span class='ocrx_word' id='word_1_355' title='bbox 880 3916 957 3994; x_wconf 89' lang='lat' dir='ltr'><strong>apud</strong></span> <span class='ocrx_word' id='word_1_356' title='bbox 971 3914 1104 3975; x_wconf 84' lang='lat' dir='ltr'><strong>Gronov.</strong></span> <span class='ocrx_word' id='word_1_357' title='bbox 1125 3914 1247 3993; x_wconf 89' lang='lat' dir='ltr'><strong>Anthq.</strong></span> <span class='ocrx_word' id='word_1_358' title='bbox 1259 3935 1290 3993; x_wconf 94' lang='lat' dir='ltr'><strong>p.</strong></span> 
     </span>
     <span class='ocr_line' id='line_1_40' title="bbox 189 4007 1290 4090; baseline -0.006 -18"><span class='ocrx_word' id='word_1_359' title='bbox 189 4014 278 4075; x_wconf 79' lang='grc'><strong>1370.</strong></span> <span class='ocrx_word' id='word_1_360' title='bbox 311 4008 470 4090; x_wconf 86' lang='lat' dir='ltr'><strong>[Thysinm</strong></span> <span class='ocrx_word' id='word_1_361' title='bbox 495 4010 559 4069; x_wconf 83' lang='lat' dir='ltr'><strong>haec</strong></span> <span class='ocrx_word' id='word_1_362' title='bbox 581 4009 741 4089; x_wconf 89' lang='lat' dir='ltr'><strong>scripsisse,</strong></span> <span class='ocrx_word' id='word_1_363' title='bbox 768 4010 792 4067; x_wconf 91' lang='lat' dir='ltr'><strong>si</strong></span> <span class='ocrx_word' id='word_1_364' title='bbox 815 4010 853 4069; x_wconf 89' lang='lat' dir='ltr'><strong>de</strong></span> <span class='ocrx_word' id='word_1_365' title='bbox 876 4008 1080 4068; x_wconf 90' lang='lat' dir='ltr'><strong>Demosthene</strong></span> <span class='ocrx_word' id='word_1_366' title='bbox 1102 4007 1227 4087; x_wconf 86' lang='lat' dir='ltr'><strong>scripsit,</strong></span> <span class='ocrx_word' id='word_1_367' title='bbox 1249 4007 1290 4065; x_wconf 84' lang='lat' dir='ltr'><strong>nil</strong></span> 
     </span>
     <span class='ocr_line' id='line_1_41' title="bbox 188 4100 1288 4184; baseline -0.005 -20"><span class='ocrx_word' id='word_1_368' title='bbox 188 4104 291 4174; x_wconf 80' lang='lat' dir='ltr'><strong>miror3</strong></span> <span class='ocrx_word' id='word_1_369' title='bbox 313 4104 472 4184; x_wconf 87' lang='lat' dir='ltr'><strong>Taylorum</strong></span> <span class='ocrx_word' id='word_1_370' title='bbox 487 4114 584 4163; x_wconf 88' lang='lat' dir='ltr'><strong>autern</strong></span> <span class='ocrx_word' id='word_1_371' title='bbox 600 4104 687 4162; x_wconf 90' lang='lat' dir='ltr'><strong>etiam</strong></span> <span class='ocrx_word' id='word_1_372' title='bbox 710 4114 800 4181; x_wconf 88' lang='lat' dir='ltr'><strong>atque</strong></span> <span class='ocrx_word' id='word_1_373' title='bbox 821 4102 909 4164; x_wconf 88' lang='lat' dir='ltr'><strong>etiam</strong></span> <span class='ocrx_word' id='word_1_374' title='bbox 928 4104 1026 4174; x_wconf 88' lang='lat' dir='ltr'><strong>miror,</strong></span> <span class='ocrx_word' id='word_1_375' title='bbox 1046 4101 1106 4160; x_wconf 84' lang='lat' dir='ltr'><strong>sire</strong></span> <span class='ocrx_word' id='word_1_376' title='bbox 1125 4100 1204 4179; x_wconf 92' lang='lat' dir='ltr'><strong>quod</strong></span> <span class='ocrx_word' id='word_1_377' title='bbox 1226 4110 1288 4159; x_wconf 91' lang='lat' dir='ltr'><strong>tam</strong></span> 
     </span>
     <span class='ocr_line' id='line_1_42' title="bbox 187 4194 1288 4276; baseline -0.006 -18"><span class='ocrx_word' id='word_1_378' title='bbox 187 4198 277 4259; x_wconf 91' lang='lat' dir='ltr'><strong>stulta</strong></span> <span class='ocrx_word' id='word_1_379' title='bbox 290 4210 457 4258; x_wconf 90' lang='lat' dir='ltr'><strong>commenta</strong></span> <span class='ocrx_word' id='word_1_380' title='bbox 469 4196 559 4276; x_wconf 84' lang='lat' dir='ltr'><strong>digna</strong></span> <span class='ocrx_word' id='word_1_381' title='bbox 579 4197 723 4268; x_wconf 87' lang='lat' dir='ltr'><strong>habuerit,</strong></span> <span class='ocrx_word' id='word_1_382' title='bbox 746 4217 813 4276; x_wconf 85' lang='lat' dir='ltr'><strong>quse</strong></span> <span class='ocrx_word' id='word_1_383' title='bbox 832 4196 961 4268; x_wconf 90' lang='lat' dir='ltr'><strong>iteraret,</strong></span> <span class='ocrx_word' id='word_1_384' title='bbox 985 4195 1045 4254; x_wconf 86' lang='lat' dir='ltr'><strong>sire</strong></span> <span class='ocrx_word' id='word_1_385' title='bbox 1065 4194 1145 4273; x_wconf 90' lang='lat' dir='ltr'><strong>quod</strong></span> <span class='ocrx_word' id='word_1_386' title='bbox 1165 4204 1288 4273; x_wconf 76' lang='lat' dir='ltr'><strong>preter·</strong></span> 
     </span>
     <span class='ocr_line' id='line_1_43' title="bbox 187 4286 1289 4367; baseline -0.003 -18"><span class='ocrx_word' id='word_1_387' title='bbox 187 4290 298 4351; x_wconf 87' lang='lat' dir='ltr'><strong>miserit</strong></span> <span class='ocrx_word' id='word_1_388' title='bbox 316 4300 418 4349; x_wconf 82' lang='lat' dir='ltr'><strong>notare</strong></span> <span class='ocrx_word' id='word_1_389' title='bbox 439 4300 527 4367; x_wconf 87' lang='lat' dir='ltr'><strong>atque</strong></span> <span class='ocrx_word' id='word_1_390' title='bbox 550 4288 707 4367; x_wconf 88' lang='lat' dir='ltr'><strong>corrigere,</strong></span> <span class='ocrx_word' id='word_1_391' title='bbox 729 4290 752 4348; x_wconf 93' lang='lat' dir='ltr'><strong>si</strong></span> <span class='ocrx_word' id='word_1_392' title='bbox 774 4288 847 4347; x_wconf 87' lang='lat' dir='ltr'><strong>tanti</strong></span> <span class='ocrx_word' id='word_1_393' title='bbox 868 4300 930 4349; x_wconf 90' lang='lat' dir='ltr'><strong>erat</strong></span> <span class='ocrx_word' id='word_1_394' title='bbox 949 4300 1010 4347; x_wconf 91' lang='lat' dir='ltr'><strong>tam</strong></span> <span class='ocrx_word' id='word_1_395' title='bbox 1032 4286 1173 4346; x_wconf 84' lang='lat' dir='ltr'><strong>absurdas</strong></span> <span class='ocrx_word' id='word_1_396' title='bbox 1193 4303 1289 4365; x_wconf 79' lang='lat' dir='ltr'><strong>nugat</strong></span> 
     </span>
     <span class='ocr_line' id='line_1_44' title="bbox 186 4378 1288 4462; baseline -0.005 -21"><span class='ocrx_word' id='word_1_397' title='bbox 186 4402 357 4462; x_wconf 85' lang='lat' dir='ltr'><strong>recoquere.</strong></span> <span class='ocrx_word' id='word_1_398' title='bbox 399 4382 468 4441; x_wconf 89' lang='lat' dir='ltr'><strong>Non</strong></span> <span class='ocrx_word' id='word_1_399' title='bbox 484 4380 711 4450; x_wconf 87' lang='lat' dir='ltr'><strong>Demosthenes,</strong></span> <span class='ocrx_word' id='word_1_400' title='bbox 730 4379 791 4440; x_wconf 68' lang='lat' dir='ltr'><strong>sed‘</strong></span> <span class='ocrx_word' id='word_1_401' title='bbox 805 4379 902 4451; x_wconf 88' lang='lat' dir='ltr'><strong>Pasio,</strong></span> <span class='ocrx_word' id='word_1_402' title='bbox 919 4378 1094 4460; x_wconf 84' lang='lat' dir='ltr'><strong>Apollodori</strong></span> <span class='ocrx_word' id='word_1_403' title='bbox 1118 4388 1212 4459; x_wconf 89' lang='lat' dir='ltr'><strong>pater,</strong></span> <span class='ocrx_word' id='word_1_404' title='bbox 1230 4378 1288 4437; x_wconf 87' lang='lat' dir='ltr'><strong>Ar-</strong></span> 
     </span>
     <span class='ocr_line' id='line_1_45' title="bbox 186 4472 1288 4557; baseline -0.005 -20"><span class='ocrx_word' id='word_1_405' title='bbox 186 4476 323 4557; x_wconf 89' lang='lat' dir='ltr'><strong>chippam</strong></span> <span class='ocrx_word' id='word_1_406' title='bbox 334 4472 503 4537; x_wconf 89' lang='lat' dir='ltr'><strong>Phormioni</strong></span> <span class='ocrx_word' id='word_1_407' title='bbox 518 4473 636 4552; x_wconf 88' lang='lat' dir='ltr'><strong>legavit,</strong></span> <span class='ocrx_word' id='word_1_408' title='bbox 648 4474 755 4553; x_wconf 81' lang='lat' dir='ltr'><strong>dequo</strong></span> <span class='ocrx_word' id='word_1_409' title='bbox 770 4473 841 4534; x_wconf 89' lang='lat' dir='ltr'><strong>satis</strong></span> <span class='ocrx_word' id='word_1_410' title='bbox 854 4493 999 4555; x_wconf 90' lang='lat' dir='ltr'><strong>superque</strong></span> <span class='ocrx_word' id='word_1_411' title='bbox 1013 4482 1129 4535; x_wconf 89' lang='lat' dir='ltr'><strong>constat</strong></span> <span class='ocrx_word' id='word_1_412' title='bbox 1143 4491 1161 4533; x_wconf 91' lang='lat' dir='ltr'><strong>e</strong></span> <span class='ocrx_word' id='word_1_413' title='bbox 1175 4472 1288 4533; x_wconf 85' lang='lat' dir='ltr'><strong>Demo·</strong></span> 
     </span>
    </p>
   </div>
   <div class='ocr_carea' id='block_1_5' title="bbox 0 0 1496 4917">
    <p class='ocr_par' dir='ltr' id='par_1_5' title="bbox 0 0 1496 4917">
     <span class='ocr_line' id='line_1_46' title="bbox 0 0 1496 4917; baseline 0 4"><span class='ocrx_word' id='word_1_414' title='bbox 0 0 1496 4917; x_wconf 95' lang='lat' dir='ltr'><strong> </strong></span> 
     </span>
    </p>
   </div>
  </div>
 </body>
</html>
