2984 4917
219 319 322 380 clxxiv
562 320 723 387 REISKII
743 318 970 381 Panemo

222 473 415 555 depraedicsrl
429 475 538 553 queat't
560 476 599 535 de
614 476 819 537 Demosthene
831 474 953 536 meritus
966 484 1013 533 est
1027 472 1184 553 Tsylorus.
1224 474 1332 535 lnnsnt

225 576 324 627 tamen
341 566 410 625 huic
430 586 548 647 quoque
561 568 757 647 pulcherrimo
770 568 886 648 corpori
903 567 947 627 sui
961 567 1045 637 ntem
1057 566 1089 624 in
1108 566 1214 645 quibus
1228 586 1329 646 penes

216 678 271 717 me
285 658 401 736 quidem
411 659 584 738 praecipuus,
597 670 627 719 et
640 680 726 740 paene
737 680 821 733 unus,
834 672 879 721 est
892 665 972 733 (nam
985 670 1160 719 caeterorum
1169 660 1259 721 facite
1273 680 1324 720 ve·

221 749 300 809 niam
319 748 346 809 ei
360 750 500 821 dederim,
522 752 608 831 hujus
629 752 796 829 difficulter)
820 753 901 830 quod
920 752 952 810 in
972 751 1090 811 edendo
1111 771 1211 830 grteca
1235 754 1326 815 Dens.

220 841 350 903 oratioue
364 842 449 901 nimis
464 862 496 903 se
508 863 631 923 segnem
642 856 818 913 etseeurum
830 845 960 923 gesserit.
993 843 1124 903 Textum
1133 844 1327 917 Wolfiunum,

218 935 289 994 lima
301 934 385 994 nimis
408 954 498 1016 parce
519 936 659 1015 adhibita,
680 938 802 997 tradidit
821 937 916 1017 operis
928 936 988 1001 suis
1009 937 1221 1008 recudendum,
1243 938 1325 1017 quod

219 1038 334 1089 textum
346 1040 463 1097 constat
476 1028 607 1101 infidum,
621 1041 652 1089 et
661 1030 795 1090 vitiosum
805 1048 880 1089 esse.
922 1027 1032 1087 Paucis
1045 1028 1075 1085 in
1088 1028 1162 1087 locis
1177 1029 1209 1089 id
1222 1048 1325 1091 emen·

219 1120 308 1191 davit,
329 1114 472 1181 lectiones
492 1122 659 1195 mendosas,
681 1142 754 1202 ques
773 1122 836 1201 ipse
856 1121 888 1179 in
906 1119 984 1179 notis
997 1120 1136 1190 damnat,
1151 1120 1217 1181 sirit
1238 1122 1324 1194 tales,

219 1214 320 1291 quales
339 1223 498 1292 repererat,
509 1212 591 1285 fovit,
606 1224 637 1274 et
656 1215 846 1293 propagatim
866 1232 933 1293 quas
943 1210 1060 1271 macula
1072 1224 1119 1271 est
1131 1212 1251 1273 homine
1264 1213 1324 1273 cri·

218 1306 279 1365 tico
290 1306 420 1385 indigna.
441 1304 555 1384 quue
568 1324 675 1383 magna
687 1306 752 1365 leus
765 1316 896 1365 veterem
909 1304 1038 1385 aliquam
1052 1302 1223 1376 editionem,
1233 1304 1323 1365 litera

218 1416 277 1457 non
290 1408 411 1469 mutam,
423 1397 548 1457 eandem
558 1397 719 1477 typothetis
732 1397 933 1457 recudendam
945 1395 1039 1455 dure?
1060 1396 1204 1474 Reliquos
1212 1398 1322 1457 tacebo

217 1510 326 1562 naevos,
342 1490 390 1569 qui
404 1508 423 1549 a
436 1488 533 1549 multis
546 1490 717 1569 magnisque
732 1489 869 1551 laudibus
880 1488 1082 1549 obscurantur.
1124 1487 1227 1549 Testio
1237 1489 1321 1549 volu·

117 1641 120 1651 ,
216 1582 286 1641 ιιιίιιὶ
300 1582 434 1661 prefatio
447 1582 594 1660 premissa
607 1581 661 1643 toti
680 1582 763 1661 operi
775 1580 1036 1643 accommodabilis
1050 1591 1106 1652 est,
1120 1600 1170 1654 eo,
1182 1581 1212 1641 ni
1222 1581 1320 1655 fallor,

217 1684 250 1733 ut
259 1694 278 1733 a
290 1673 460 1755 bibliopego
471 1674 539 1735 olim
553 1673 717 1757 aliquunde,
733 1694 802 1735 cum
815 1684 909 1734 totum
922 1692 997 1752 opus
1008 1672 1041 1731 in
1052 1673 1149 1735 lucem
1163 1674 1320 1753 prodisset,

215 1765 310 1846 primo
320 1766 457 1827 volumini
467 1777 697 1848 preponeretur.
712 1766 828 1827 Titurius
837 1765 1152 1843 lrieestdnpoodirooe,
1161 1767 1318 1847 Αἰσχίνου,

216 1860 373 1941 Δεινάρχου
387 1864 433 1919 rai
446 1859 579 1938 Δημάδου
599 1864 634 1919 τὰ
655 1862 806 1938 σωζόμενα.
825 1877 916 1936 groece
934 1866 963 1917 ei
976 1858 1070 1915 latine.
1091 1860 1177 1916 edidit
1195 1859 1316 1919 Iouam

218 1950 331 2029 Ταμὼν,
343 1952 447 2011 tul).
461 1953 519 2011 Col.
531 1952 573 2012 D.
585 1952 663 2011 loon.
677 1951 759 2011 Cant.
772 1950 868 2013 Socim
876 1958 905 2007 et
914 1947 1102 2008 Concellms'us
1110 1948 1317 2011 Lineoissiensis.

217 2043 423 2123 Contuli-igin:
438 2045 510 2121 typis
520 2044 688 2103 academicis.
710 2043 858 2104 Volumen
872 2042 1002 2114 tertium,
1016 2042 1097 2120 quod
1110 2042 1240 2121 primum
1249 2064 1317 2125 pro·

215 2134 278 2208 tiit,
300 2136 412 2215 implet,
435 2146 520 2195 extra
538 2135 750 2214 prelationem,
765 2134 888 2215 paginas
907 2137 978 2195 662.
1020 2133 1199 2205 Secundum,
1223 2146 1315 2197 tetate

214 2228 375 2300 recentius,
386 2227 506 2307 paginas
517 2230 588 2291 762.
629 2227 809 2287 Dediestum
822 2236 868 2286 est
881 2224 939 2287 hoc
952 2244 1026 2305 opus
1045 2223 1226 2286 nobilissimo
1246 2227 1315 2287 illu·

213 2319 413 2399 strissinroque
426 2320 496 2379 Dno
518 2319 622 2378 loanni
637 2319 745 2379 Comiti
762 2318 924 2390 Granville,
944 2316 1119 2379 vicecomiti
1134 2318 1315 2379 carteret-

213 2417 295 2489 cujus
309 2411 438 2471 studium
452 2411 563 2492 Taylor
576 2412 725 2473 collaudat
745 2413 775 2471 in
792 2411 923 2471 ornando
942 2421 998 2470 sud
1012 2410 1315 2491 Demosthene,',prae·

213 2504 313 2564 sertim
326 2504 407 2584 quod
420 2504 475 2564 sibi
489 2505 634 2565 variantes
649 2504 758 2565 codicis
773 2503 1005 2564 Vindobonensis
1018 2504 1213 2583 impetrasset.
1234 2506 1317 2565 Prae·

211 2596 285 2659 latio
298 2616 357 2657 non
373 2596 464 2656 multa
484 2608 568 2657 tenet
588 2616 648 2656 non
665 2596 846 2664 communiat
866 2615 969 2676 purum
984 2596 1023 2656 de
1036 2596 1156 2657 historia
1168 2608 1311 2657 mstornsn

211 2698 263 2749 aut
276 2689 345 2748 edd.
362 2689 515 2749 Demosth.
529 2689 600 2747 mihi
613 2687 731 2766 quidem
752 2689 809 2748 ista
821 2687 955 2766 praefatio
975 2706 1077 2765 parum
1097 2688 1246 2758 satisfadt,
1266 2688 1314 2749 in·

212 2780 303 2858 digne
316 2782 454 2861 Teylorq
467 2781 591 2861 indigne
600 2780 813 2851 Demosthene,
824 2780 946 2857 indigna
958 2779 1047 2839 tantis
1057 2780 1177 2859 reliquis
1190 2781 1313 2843 lautitiis

210 2882 349 2952 tantaque
369 2874 591 2953 exspectatione
611 2885 642 2934 et
666 2874 873 2953 praedicatione
896 2872 1016 2951 publice
1035 2871 1159 2933 videtur.
1201 2874 1316 2935 Parum.

211 2984 247 3025 ex
265 2964 316 3025 illa
335 2965 439 3026 discas.
480 2966 646 3046 Insequitur
662 2978 839 3044 conspectus
858 2964 1019 3027 editionum
1032 2966 1309 3046 manuscriptorum·

210 3078 269 3138 que
291 3058 509 3130 Demosthenis,
528 3059 633 3137 quibus
650 3059 761 3137 Taylor
780 3058 812 3118 in
831 3057 1003 3119 adornanda
1020 3076 1075 3117 sua
1090 3058 1219 3122 editione
1239 3080 1312 3121 usus

211 3161 266 3211 est.
279 3184 320 3195 —

250 3230 321 3289 Hoc
336 3240 380 3289 est
394 3248 491 3299 omne,
502 3230 581 3307 quod
596 3229 634 3289 de
647 3229 732 3289 editt.
746 3241 777 3289 et
790 3229 871 3289 mstis
885 3228 975 3289 Dem.
996 3228 1106 3308 Taylor
1122 3248 1179 3290 nos
1193 3230 1309 3297 docuit.

207 3323 312 3382 videtis
326 3341 413 3401 quam
427 3326 538 3397 jejune,
553 3340 640 3401 quam
654 3320 850 3400 indiligenter,
862 3340 950 3398 quam
963 3340 1022 3379 non
1035 3341 1089 3399 pro
1101 3322 1246 3400 dignitate
1260 3334 1307 3385 st·

207 3433 265 3493 que
286 3414 445 3473 subtilitate
469 3412 570 3473 critici.
614 3413 801 3495 interspersit
824 3411 1059 3474 annotationibus
1082 3415 1142 3473 suis
1164 3415 1307 3492 quasdam

207 3505 377 3565 Marklandi
391 3516 422 3565 et
435 3505 548 3574 Jurini;
566 3506 665 3565 ambas
683 3524 745 3565 non
758 3504 856 3583 magni
869 3502 1029 3563 faciendas.
1069 3504 1307 3567 Maslslsndiause

206 3598 355 3678 pleresque
373 3609 442 3657 sunt
462 3598 551 3667 leves,
575 3608 606 3657 et
626 3606 717 3656 tantas
730 3596 784 3655 uiri
798 3598 884 3656 famoe
897 3595 979 3655 haud
999 3614 1093 3673 peres.
1133 3598 1264 3668 Jurinus,
1279 3598 1305 3659 si

205 3690 402 3760 maturuisset,
416 3688 481 3767 (sed
495 3710 512 3748 a
530 3688 587 3749 cito
601 3688 662 3749 fato
675 3688 806 3748 sublatus
819 3688 890 3763 esti
902 3698 1018 3767 poterat
1031 3687 1188 3767 aliquando
1200 3689 1305 3750 melius

206 3784 277 3863 quid
298 3784 470 3844 extundere.
512 3782 744 3843 Marklandiauoe
766 3803 825 3843 non
837 3782 910 3843 satis
930 3792 1054 3841 matures
1073 3794 1152 3855 sunt,
1171 3782 1305 3844 eliustea

201 3996 266 4055 iecit,
276 3998 305 4045 ad
316 3996 438 4046 Antomnm
450 3996 592 4055 Athenium,
602 3998 632 4046 V.
643 4000 671 4047 G.
682 3998 801 4049 medicum
815 3994 877 4061 apud
890 3998 1049 4049 londinense·
1059 3997 1237 4057 demetrianum,
1248 3999 1302 4048 illas

201 4075 298 4139 'l'syleri
315 4076 406 4121 abarim
422 4072 568 4135 parvenisse,
585 4076 625 4137 qui
641 4092 693 4123 curn
710 4084 778 4124 antes
794 4091 859 4139 speur
875 4074 971 4123 iecisset
986 4088 1066 4121 earum
1082 4088 1134 4121 sse
1151 4076 1303 4133 edndsram,

200 4169 262 4201 nuno
273 4152 364 4212 abiecto
374 4151 415 4197 ilio
427 4151 558 4213 proposito,
570 4154 632 4213 quod
644 4150 743 4213 exsequi
754 4152 880 4199 multitudo
894 4150 1041 4212 negotiorum
1051 4166 1098 4197 non
1109 4152 1220 4211 masur,
1233 4166 1315 4214 recog

202 4232 267 4294 pisse
285 4227 395 4291 reliquias
412 4228 555 4287 'l'ayloranss
576 4228 633 4275 mibi
654 4229 791 4276 missurum.
822 4230 878 4290 lpse
895 4228 940 4274 Vir
961 4227 1113 4275 Clarissimus
1133 4225 1196 4273 datis
1213 4227 1244 4273 sd
1261 4243 1299 4275 me

200 4322 276 4366 nuper
284 4305 358 4352 literis
370 4303 539 4351 humanissimis
555 4302 612 4350 milii
623 4305 698 4352 laetus
710 4312 745 4351 est
756 4304 826 4364 bnjus
837 4304 872 4349 rei
884 4310 980 4361 suctor3
1002 4310 1029 4350 ut
1039 4302 1117 4349 nullos
1132 4302 1238 4350 dubitem
1250 4305 1300 4351 lore
1312 4351 1316 4360 ,

201 4382 276 4438 brevi,
287 4390 312 4429 nt
323 4382 370 4429 illst
382 4380 473 4427 soircdu
484 4380 542 4427 mibi
553 4381 686 4427 reddantur.
703 4396 751 4441 quo
768 4381 828 4427 iacto
840 4378 952 4441 quiequid
963 4378 1113 4439 reliquiarum
1122 4380 1221 4441 'l‘aJlori
1231 4394 1300 4432 sees·

200 4474 268 4521 pero,
278 4458 376 4505 fideliter
386 4457 412 4505 id
424 4471 489 4505 omne
501 4456 524 4503 in
536 4456 692 4507 amolitione
705 4464 784 4504 nostra
793 4470 844 4504 snm
856 4455 1024 4517 publicatum.
