2984 4917
214 303 325 366 clxxxii
553 296 715 363 balsan
736 298 981 361 anrarro.

214 474 303 538 quam
315 455 371 519 fuit
384 452 525 517 meum
539 452 623 514 XVI:
655 453 771 516 Aderat
788 454 817 515 el
835 472 897 515 non
916 450 1134 515 contemndo
1152 452 1239 532 eope
1257 472 1326 518 aen:

214 550 353 623 librorum
372 550 485 609 calaum
506 555 700 625 exaratorum,
720 564 775 607 aaa
787 538 960 607 rimantium
978 564 1019 604 ax
1037 544 1313 624 iteeroerpmrnm.

214 660 337 722 quarum
351 640 477 701 indicem
499 644 562 715 ojm
581 638 712 719 praefatio
733 638 868 713 exhibet,
884 638 916 698 in
935 638 1018 699 calce
1030 637 1121 699 nostri
1133 638 1242 717 operis,
1252 642 1325 705 una,

214 752 281 805 cum
294 734 417 793 aliorum
431 730 660 813 praefationibus,
675 732 792 791 anobis
813 731 975 793 reddenda.
1015 729 1078 794 Sed
1097 730 1188 794 nimia
1199 729 1228 790 ei
1240 750 1314 790 cun·

215 826 305 886 ctatio
319 825 426 897 offecit,
441 824 542 885 nescio
553 823 656 903 quibua
669 840 688 883 a
702 824 798 885 causis
810 823 955 903 profecta.
986 821 1223 899 Interimjadicia
1232 842 1326 902 qnae·-

215 918 284 981 dam
298 918 413 996 ejusde
427 917 578 977 codicibus
598 914 783 993 quibusdam,
796 916 846 995 qui
857 916 886 975 ei
898 924 1008 995 presto
1026 926 1121 989 erant,
1139 914 1189 975 hic
1201 914 1327 977 reform.

215 1028 292 1076 mur.
336 1009 574 1089 Altempsianum
585 1006 704 1067 scholiis
718 1008 1000 1069 aitcontamirratum
1020 1026 1097 1079 ease,
1117 1028 1147 1086 p.
1170 1010 1240 1072 147.
1260 1009 1312 1071 87.

215 1115 248 1163 et
259 1109 310 1165 40.
332 1102 549 1165 Baroccianurn
561 1102 602 1161 ait
616 1099 842 1181 ex=Augustano
859 1100 955 1180 primo
974 1099 1155 1178 exscriptum
1172 1118 1249 1171 esse,
1262 1108 1330 1164 aut.

215 1206 317 1257 contra
330 1196 463 1267 huncex
478 1194 540 1266 illo,
553 1215 584 1273 p.
600 1199 670 1256 828.
684 1196 734 1259 27.
749 1193 853 1272 inquo
870 1192 933 1251 falli
945 1192 1037 1251 vinum
1054 1190 1256 1251 doctissimum
1274 1210 1314 1252 ex

216 1308 254 1351 eo
267 1299 395 1361 constat,
410 1288 491 1367 quod
503 1288 704 1347 Baroccianue
717 1286 801 1364 leges
814 1297 846 1345 et
866 1285 987 1343 decreta
1004 1283 1113 1354 habat..
1123 1304 1191 1361 quae
1204 1283 1314 1343 demut

215 1381 400 1461 Augustam.
441 1378 645 1457 Augustanunr
657 1378 745 1449 hunc,
760 1376 1020 1437 vindobonensem
1039 1386 1072 1435 et
1084 1376 1330 1438 wolfemmca.

216 1473 329 1533 lensem
343 1473 407 1531 fero
421 1468 532 1549 ubique
548 1469 675 1545 interae
697 1468 873 1542 consentire,
886 1486 957 1529 rere
973 1467 1106 1541 affirmat,
1115 1469 1189 1529 item
1202 1470 1234 1529 in
1246 1488 1314 1531 ora·

218 1566 303 1625 tione
312 1563 461 1643 Leptinen
474 1563 677 1641 Augustanum
692 1572 722 1623 et
732 1562 944 1642 Harleyanum.
985 1561 1119 1621 Tandem
1130 1562 1241 1623 edendi
1249 1564 1315 1623 Da·

217 1657 377 1718 mosthenis
391 1654 429 1716 ad
442 1674 489 1715 me
504 1655 622 1716 devenit
632 1676 706 1729 sora,
716 1655 790 1717 faxit
804 1656 887 1728 deus,
899 1666 933 1714 ot
945 1672 982 1714 ea
993 1653 1122 1734 mihique
1134 1655 1329 1736 publiceque·

218 1750 349 1813 mennon
362 1747 461 1809 fuerit.
503 1748 592 1815 Quod
605 1749 644 1808 ad
658 1768 731 1829 opus
745 1747 953 1808 elaborandum
965 1746 1070 1826 quibus
1082 1747 1256 1807 accesserim
1269 1749 1314 1807 iu·

216 1854 346 1912 structus
361 1840 465 1922 copiis,
476 1859 574 1913 meum
587 1859 669 1902 nunc
683 1853 729 1901 est
742 1840 851 1901 dicere.
871 1840 952 1919 quod
964 1838 1071 1901 faciam
1083 1839 1142 1899 boc
1153 1840 1330 1918 copiosius„

219 1955 279 2017 quo
289 1934 406 2015 parcius
416 1935 455 1995 de
465 1932 520 1992 illis
530 1931 681 1994 codicibus
689 1932 821 2005 aliorum,
831 1952 904 2011 quos
917 1950 1056 2011 rrsnrpare
1064 1930 1135 1991 milri
1147 1951 1207 1993 non
1219 1932 1314 2005 licuit,
1325 1986 1332 1998 .

218 2028 385 2091 necessario
408 2023 563 2105 disputavi.
606 2025 667 2085 Sed
685 2036 842 2105 antequam
863 2024 936 2085 illuc
955 2024 1071 2084 veniam
1088 2023 1167 2103 priua
1186 2043 1313 2085 comme·

218 2120 340 2180 mnrabo
361 2118 479 2181 codices
502 2117 759 2191 Demosthenicos,
777 2136 854 2199 quos
876 2117 946 2177 alibi
965 2126 1080 2178 exstare
1099 2116 1248 2197 proditum
1266 2128 1334 2186 eat.

220 2211 379 2273 memoriae.
612 2276 620 2317 t

649 2464 777 2533 SEGT.
799 2463 886 2530 XV.

307 2632 355 2691 ne
368 2632 502 2693 cosam
515 2632 705 2695 nanctae
718 2636 747 2693 n
760 2634 1036 2712 clincampum
1049 2637 1226 2695 errantum
1304 2620 1309 2724 j

261 2798 337 2861 Non
351 2810 396 2860 est
409 2800 521 2860 animun
534 2798 749 2860 Bibliothecam
762 2798 1001 2859 bibliothecarum
1011 2796 1315 2872 Montfauconianam,

221 2899 272 2952 aut
284 2890 499 2965 Coislinianam,
507 2901 556 2952 aut
565 2890 698 2952 Bandinii
710 2890 917 2963 Florentinum,
928 2900 979 2951 aut
990 2888 1164 2968 catalogum
1173 2898 1314 2949 matorum

221 3004 338 3064 magnae
359 2983 518 3043 Britanniae
538 2984 716 3056 exscribere,
737 2993 768 3043 et
786 3004 922 3044 numeros
934 3001 1099 3063 proponere
1112 2981 1248 3042 codicum
1260 2980 1314 3040 de·

221 3075 477 3147 mosthenicorum,
500 3076 549 3154 qui
569 3076 706 3135 dicuntur
724 3076 756 3134 in
776 3076 962 3135 bibliothecis
983 3074 1137 3152 Vaticana,
1162 3074 1314 3145 Medicea,

222 3168 428 3239 Ambrosiana,
443 3166 674 3239 vindobonensi,
696 3166 839 3239 Leidana,
853 3166 986 3239 Gallicis,
1000 3166 1179 3247 Hispaaicis,
1192 3166 1317 3245 publicis

221 3260 376 3341 privatisve
390 3258 526 3337 reperiri;
553 3278 625 3337 quos
639 3278 739 3319 ornnes
753 3260 853 3339 utique
868 3260 1044 3339 expediebat
1056 3278 1075 3319 a
1087 3258 1190 3319 sedulo
1203 3258 1315 3318 editore

223 3350 432 3413 Demosthenis
444 3370 505 3410 non
518 3350 717 3430 perfunctorie
730 3352 909 3430 perlustrari,
921 3352 974 3411 sed
985 3351 1141 3430 diligenter
1149 3350 1317 3431 percenseri

223 3455 336 3506 etcum
351 3442 437 3503 editis
451 3442 622 3522 comparari.
664 3442 785 3502 Nullum
800 3443 876 3501 enim
890 3444 1010 3503 dubium
1025 3454 1081 3514 eat,
1094 3462 1232 3521 magnum
1251 3444 1317 3522 ejus

222 3538 266 3599 rei
286 3536 413 3595 fructum
441 3535 567 3595 laturam
580 3554 658 3613 ,esse
678 3555 770 3615 remp.
792 3536 956 3597 literarium.
998 3536 1112 3596 Paucos
1133 3536 1317 3595 solummodo

223 3629 460 3690 commemorabo
482 3628 602 3687 codices
617 3626 713 3688 minus
726 3626 849 3688 forsitan
863 3628 982 3707 publice
994 3639 1091 3699 notos,
1105 3646 1228 3706 quornm
1242 3626 1317 3685 noti·

222 3722 293 3781 tiam
307 3722 368 3780 fors
381 3720 499 3782 forturm
512 3720 588 3779 inter
608 3719 767 3797 legendum
780 3739 847 3779 cum
860 3720 1023 3790 obtulisset,
1038 3719 1068 3778 in
1081 3718 1253 3779 adversariis
1265 3738 1318 3778 an·

222 3812 332 3873 notavi.
373 3814 505 3877 Quorum
519 3830 673 3872 enumero
687 3822 744 3873 est·

263 3902 481 3976 Breslaviensis,
500 3922 568 3983 pars
589 3902 787 3974 bibliothecae,
810 3922 877 3982 quoe
897 3900 1113 3981 quondamfrrit
1125 3902 1319 3980 Rhedingeri,

222 3996 342 4057 nuncin
352 3994 512 4075 gymnasio,
523 3994 773 4076 qnodssraraviae
786 4006 842 4068 est,
856 3994 1045 4055 Elisabetano
1058 4006 1233 4055 aaseraatur.
1255 3994 1321 4055 Hu-

218 4096 268 4167 jus
282 4088 394 4149 codicia
407 4086 523 4167 roganti
536 4086 606 4146 milri
619 4088 706 4167 copia
725 4098 835 4165 negata
851 4096 905 4147 est.
926 4086 1061 4147 notitiam
1073 4087 1138 4164 ejus
1151 4104 1206 4165 per
1217 4085 1319 4145 literas

222 4182 295 4243 mihi
314 4180 398 4241 dedit
417 4180 548 4241 Artorius
562 4178 601 4242 V.
617 4181 654 4242 C.
676 4180 789 4241 Rector
807 4177 884 4239 illius
904 4177 1068 4259 Gymnasii.
1083 4178 1163 4237 unda
1178 4176 1318 4248 intellexi,

225 4278 357 4340 codicem
379 4273 461 4335 illurn
481 4273 627 4355 quondam
652 4274 784 4334 Andreae
807 4272 943 4333 Duditbii
962 4272 1064 4343 fnisse,
1085 4282 1117 4331 et
1140 4268 1320 4350 Philippicas

225 4391 293 4430 cum
317 4378 402 4429 urutt
425 4386 480 4449 pro
502 4385 611 4429 corona
630 4376 661 4427 et
679 4366 717 4427 de
732 4365 809 4426 falsa
827 4364 976 4446 legatione
996 4382 1062 4424 cunr
1082 4361 1200 4425 scholi'u
1220 4360 1320 4423 multis

220 4474 337 4525 tenere.
1223 4480 1228 4495 ·
1302 4485 1308 4495 ·
