2984 4917
226 347 286 407 xor
555 346 807 409 urnnonnur
827 329 1010 409 wonrrr·
1059 371 1063 379 ·
1121 371 1124 375 ι

223 500 344 561 meliora
359 486 490 562 hadent:
512 498 618 562 deinde
638 504 759 581 rogabo,
775 513 831 564 cnr'
844 505 876 564 in
895 503 1029 565 omnibus
1048 500 1157 563 scholis
1171 507 1232 580 ejus
1239 498 1314 563 'sen-⁴
1327 539 1345 552 ··

223 594 329 653 tentius
349 594 438 653 latine
459 594 599 673 explicari
613 596 758 675 patiantur
770 618 854 677 oeqno
867 596 985 657 animo?
1025 596 1112 662 Quod
1119 596 1150 654 —si
1163 596 1235 655 utile
1248 616 1313 671 esse

225 684 390 745 concedunt
402 686 487 765 (sicin
507 687 685 746 utilissimum
699 708 763 747 csse
774 690 849 747 adeo
860 708 969 767 negare
979 707 1037 747 non
1046 698 1176 766 possunt,
1187 695 1220 745 ut
1232 687 1314 747 nullu

223 777 335 836 ratione
349 777 405 836 alia
417 780 474 838 hoc
487 789 617 858 tempore
631 780 729 839 doceri
750 799 854 859 graecas
871 781 964 841 literae
982 779 1092 859 possint
1110 778 1314 856 commodius),

222 888 289 947 quse
302 868 408 929 invidia
422 881 476 943 est,
496 871 519 931 si
533 872 595 949 quis
616 872 745 949 ejusdem
766 872 874 932 autoris
894 871 1109 933 conversionem
1123 871 1152 929 in
1165 870 1313 949 publicum

223 960 355 1032 ediderit,
365 980 431 1020 eum
443 961 629 1041 proscindere
638 973 668 1021 et
681 962 856 1023 calumniari.
897 966 1070 1042 Quanquam
1085 962 1312 1021 contaminatum

223 1071 243 1111 a
255 1072 301 1111 me
314 1072 378 1113 esse
393 1054 634 1127 Demosthenem,
648 1074 756 1133 negare
774 1066 805 1115 et
823 1074 911 1135 posse
928 1066 960 1115 et
972 1056 1081 1115 debere
1093 1054 1204 1113 videor.
1246 1052 1312 1111 Etsi

225 1146 301 1204 enim
319 1145 519 1206 Ciceronianae
533 1146 702 1206 imitationis
723 1147 891 1226 preclaram
904 1147 1020 1206 landem
1034 1166 1091 1205 nec
1107 1145 1177 1203 mihi
1195 1164 1311 1223 arrogo,

223 1239 293 1311 (non
307 1238 394 1307 enirn,
409 1249 441 1296 ut
453 1237 502 1296 ille
516 1238 566 1309 ait,
580 1238 670 1298 cuivis
684 1239 795 1298 homini
815 1238 954 1317 contingit
967 1239 1048 1298 adire
1067 1237 1314 1312 Corinthuml-ne·

222 1349 280 1409 que
301 1329 435 1407 cuiquam
454 1326 585 1390 invideo:
607 1330 670 1390 illos
688 1332 765 1411 ipsos
782 1338 890 1401 tamen,
910 1330 1013 1410 quibus
1033 1335 1124 1405 major
1140 1328 1249 1407 ingenii
1271 1328 1315 1388 ris

223 1420 379 1479 etfortuna
391 1421 523 1499 contigit,
534 1441 635 1500 parurn
646 1422 769 1481 candide
784 1422 880 1483 facere
893 1432 975 1501 puto,
985 1421 1090 1481 addam
1104 1420 1191 1479 ctiam
1203 1420 1312 1499 impru-

223 1514 327 1575 denter
340 1525 370 1573 et
383 1525 502 1586 temere,
518 1516 541 1574 si
555 1512 647 1575 hitore
660 1518 813 1577 verborum
826 1516 923 1576 omnia
933 1517 1097 1584 metiantur,
1106 1514 1145 1574 de
1158 1512 1314 1575 sententia·

223 1625 287 1663 rum
306 1605 428 1665 veritate
445 1618 479 1665 et
499 1607 638 1684 gravitate
659 1628 761 1687 parum
780 1608 957 1668 laborantes.
1009 1610 1091 1673 Quas
1103 1625 1160 1685 ego
1180 1624 1228 1665 me
1241 1624 1313 1664 sana

223 1709 372 1778 spectasse
386 1699 532 1779 praecipue
546 1721 604 1759 non
618 1701 784 1761 dissimulo:
807 1700 849 1759 sic
862 1712 970 1770 nmen,
989 1710 1022 1757 ut
1040 1700 1129 1758 rerba
1146 1715 1205 1757 non
1217 1698 1314 1776 negli-

223 1811 333 1870 gerem.
372 1791 449 1853 Nam
464 1804 614 1871 utramque
628 1794 826 1854 difficultatem
849 1792 899 1870 (de
912 1792 1017 1871 quibua
1029 1792 1117 1870 paulo
1130 1802 1200 1849 ante
1212 1790 1315 1850 dicere

222 1885 349 1961 memini)
360 1897 420 1945 tum
435 1886 624 1963 intelligendi,
634 1896 697 1943 turn
717 1884 881 1963 eloquendi,
895 1884 1063 1944 assiduitate
1077 1884 1236 1963 diligentie
1255 1894 1315 1942 stu·

222 1979 273 2039 dui
292 1998 438 2059 superare,
460 1990 490 2037 et
504 1978 631 2039 dictione
651 1979 693 2038 uti
707 1979 793 2047 volui,
807 1998 873 2058 quoe
891 1978 962 2037 nihil
982 1976 1103 2038 haberet
1121 1978 1313 2048 calabrorum,

222 2083 273 2130 aut
286 2071 455 2130 barbarum:
477 2070 546 2129 nihil
562 2070 738 2141 affectatum,
753 2081 804 2130 aut
823 2070 958 2141 insolens,
970 2070 1022 2130 sed
1036 2080 1066 2129 et
1078 2070 1177 2141 latina,
1189 2080 1220 2129 et
1232 2069 1314 2129 facili

222 2162 259 2221 ad
279 2162 508 2240 intelligendum,
531 2172 562 2221 et
584 2163 622 2222 ad
635 2164 725 2223 verba
743 2163 950 2223 Demosthenis
970 2162 1208 2243 quamproxime
1227 2176 1314 2221 acce·

222 2256 320 2315 dente.
362 2255 534 2315 Necessario
547 2267 644 2315 tamen
663 2256 809 2317 interdum
830 2255 994 2336 usurpanda
1004 2256 1123 2315 fuerunt
1133 2255 1268 2334 quaedam
1281 2254 1314 2313 in

222 2366 259 2405 ea
271 2347 389 2407 notione
399 2348 493 2405 minus
507 2347 629 2409 fortasse
649 2348 716 2407 trita
727 2349 881 2419 veteribus,
892 2348 960 2427 quia
972 2359 1033 2407 tunr
1047 2348 1168 2407 meliora
1178 2366 1238 2406 non
1259 2341 1313 2405 oc'·

222 2441 387 2499 currebant.
427 2441 495 2504 Qua
515 2440 552 2498 de
567 2460 598 2499 re
612 2458 678 2497 cum
692 2440 775 2518 plura
788 2441 891 2499 dicturi
910 2441 999 2499 simus
1017 2441 1048 2499 in
1067 2440 1172 2499 nostris
1190 2448 1313 2499 annom-

222 2532 357 2602 tionibus,
371 2533 454 2611 (quas
469 2532 577 2591 utinam
587 2532 710 2591 fortunae
723 2534 857 2611 iniquitas
876 2534 916 2592 ita
935 2553 982 2594 me
996 2533 1140 2612 perticere
1151 2542 1312 2612 pateretur,

221 2634 257 2683 ut
267 2626 306 2683 ad
318 2643 414 2703 graece
427 2624 584 2703 legendum
598 2626 830 2685 Demosthenem
850 2626 980 2686 omnibus
993 2626 1103 2705 optima
1115 2646 1181 2687 cum
1195 2645 1247 2705 spe
1260 2644 1314 2684 ac.

221 2716 326 2775 cedere
343 2716 461 2791 liceret)
475 2738 550 2777 nunc
563 2737 623 2776 non
644 2738 694 2777 ero
715 2717 846 2795 longior3
868 2738 905 2778 sc
918 2719 987 2776 mihi
1005 2719 1069 2778 fore
1082 2719 1254 2798 persuadeo,
1266 2728 1310 2787 nt,

220 2808 357 2889 quicquid
371 2820 415 2869 est
429 2809 578 2885 ejusmodi,
592 2810 753 2889 ingentium
766 2810 897 2869 laborum
910 2830 1007 2890 causa,
1018 2831 1092 2890 quos
1109 2810 1194 2891 ooepi,
1209 2822 1311 2889 aequus

220 2912 252 2962 et
265 2901 404 2962 candidus
422 2902 525 2974 lector,
547 2903 595 2963 rel
614 2902 803 2965 imbecillitati
821 2904 941 2983 ingenii,
951 2906 998 2964 rel
1019 2902 1258 2983 occupationibus
1277 2911 1312 2959 et

219 2994 501 3055 incommoditatibus
515 2997 586 3056 meis
598 2997 728 3075 ignorem
739 3007 770 3057 et
779 2998 936 3057 condonet.
963 2998 1029 3057 Nec
1043 2997 1119 3056 enim
1129 2996 1216 3055 rideo
1224 2995 1312 3073 plura

220 3088 319 3146 dicere
330 3106 466 3164 quorsum
479 3088 611 3157 attineat,
620 3088 700 3166 apud
710 3100 741 3146 te
751 3089 921 3166 praesertim,
936 3090 1052 3146 Ioannes
1063 3089 1161 3144 Iooohe
1169 3088 1310 3162 Foggere,

219 3177 263 3236 vir
276 3176 464 3246 ornatissime,
476 3178 526 3255 qni
539 3198 592 3256 pro
604 3179 711 3256 ingenii
725 3180 777 3236 tui·
786 3178 960 3238 excellentia
973 3188 1004 3237 et
1017 3176 1157 3254 exquisita
1170 3176 1311 3235 eruditio..

220 3290 267 3341 ne,
278 3290 345 3348 quie
357 3268 387 3327 in
399 3280 479 3330 tanto
493 3270 616 3330 fortunae
630 3290 776 3351 opumque
785 3270 912 3349 fastigio,
927 3290 964 3329 eo
977 3279 1024 3328 est
1033 3266 1235 3341 admirabilior,
1248 3290 1311 3349 quo

220 3362 319 3434 rarior,
340 3372 421 3420 tanto
440 3362 544 3421 melius
564 3362 705 3421 oestimare
725 3374 820 3442 potes,
839 3362 908 3441 quid
929 3362 967 3420 sit
988 3360 1025 3421 de
1046 3360 1103 3421 hoo
1122 3380 1189 3421 meo
1208 3363 1335 3423 labore·

220 3452 411 3530 sentiendum,
421 3464 560 3532 quantum
573 3454 729 3533 prudentia
741 3466 773 3514 et
786 3455 913 3515 candore
927 3454 1038 3514 caeteris
1051 3454 1209 3515 antecellis.
1242 3455 1310 3521 Qua

220 3566 254 3606 re
266 3566 323 3625 ego
337 3546 428 3606 fretus
441 3558 471 3605 et
484 3547 645 3607 eruditione
663 3557 723 3625 tua,
745 3558 776 3607 et
793 3547 971 3606 humanitate
990 3546 1139 3625 singulari,
1153 3566 1241 3626 quam
1255 3548 1309 3605 ho·

219 3639 397 3699 nesussimus
409 3639 461 3709 vir,
475 3639 614 3717 Georgius
627 3639 811 3712 Hermonassa,
823 3639 874 3717 qui
887 3641 934 3720 (ut
947 3657 983 3699 eo
996 3638 1116 3717 dignum
1126 3652 1180 3711 est,
1192 3640 1242 3719 qui
1253 3639 1309 3699 vir·

218 3740 309 3790 tutem
321 3742 351 3791 et
362 3731 551 3791 eruditionem
563 3752 629 3792 cum
642 3743 754 3791 naturae
764 3733 944 3810 fortuneque
957 3732 1133 3792 ornamentis
1147 3732 1310 3807 conjunxit)

218 3824 294 3883 inter
307 3817 429 3884 ceteros
443 3824 594 3898 studiosos,
608 3825 710 3905 quibus
728 3824 829 3885 sedulo
849 3825 1014 3885 consultum
1033 3825 1106 3896 vult,
1125 3844 1173 3884 me
1192 3844 1308 3904 quoquc

219 3936 325 3995 magna
334 3918 535 3977 benevolentia
547 3919 737 3999 prosequitur,
750 3917 852 3977 mirum
863 3918 893 3976 in
908 3919 1026 3978 modum
1041 3918 1111 3977 mihi
1123 3919 1309 3998 predicavit:
1329 3969 1333 3978 .

219 4020 251 4069 te
265 4028 322 4068 non
336 4010 424 4068 modo
436 4020 637 4089 patronumet
646 4010 838 4082 defensorem,
852 4012 905 4072 sed
919 4011 1006 4071 etiam
1018 4010 1147 4089 judicem
1161 4021 1192 4069 et
1204 4029 1307 4071 censo·

217 4120 280 4162 rem
293 4102 523 4161 lucubrationum
535 4122 665 4163 mearum
678 4103 784 4182 delegi.
826 4104 874 4163 Ac
885 4104 966 4183 qnod
978 4103 1016 4163 ad
1030 4103 1124 4183 ipsum
1135 4102 1311 4163 Demosthe

218 4214 284 4254 nem
300 4194 415 4271 attinet,
430 4213 467 4254 ea
481 4206 526 4254 est
539 4195 577 4254 de
592 4197 655 4273 ejus
669 4195 844 4275 eloquentia,
859 4216 899 4257 ex
913 4216 972 4274 quo
985 4208 1116 4275 tempore
1131 4194 1212 4264 vixit,
1225 4194 1309 4253 annis

218 4287 324 4348 abhinc
337 4288 399 4347 fere
413 4288 457 4346 bis
478 4288 555 4348 mille
575 4299 724 4368 praecepta
735 4287 843 4367 opinio,
859 4298 900 4361 ut,
915 4289 993 4367 quod
1007 4288 1045 4347 de
1057 4287 1177 4365 Virgilio
1190 4286 1308 4365 quidam

218 4392 364 4459 usurpant,
378 4380 409 4439 id
422 4381 488 4443 huic
501 4401 615 4460 quoque
629 4382 711 4441 tribui
731 4381 842 4460 possit:
863 4382 891 4440 ei
910 4400 967 4440 nec
988 4381 1132 4440 accedere
1151 4378 1309 4458 quiequam

218 4472 440 4546 laudationibus,
465 4494 520 4537 neo
540 4474 685 4559 decedere
710 4472 1118 4557 vituperationibusaliornm.
1169 4470 1307 4537 Quodsi
