2984 4917
493 297 554 361 AD
575 296 928 367 DEMOSTHENEM,
1026 354 1030 365 ,

599 592 729 659 SECT.
749 590 863 659 XIX.

562 766 610 827 De
626 766 724 827 Codice
740 765 888 825 Boeotico.

222 930 309 993 Posr
324 928 444 991 codices
457 930 648 1009 Augustanos
663 930 822 992 dicendum
835 928 905 990 milri
919 941 1054 1010 superest
1066 932 1105 992 de
1120 930 1276 1003 Bararico,

182 1044 270 1104 quem
284 1022 404 1082 illustris
417 1021 460 1081 vir
473 1022 556 1083 Felix
568 1024 706 1084 Andreas
719 1023 862 1083 Oeffelius
874 1042 929 1103 pro
941 1043 995 1084 sna
1004 1024 1168 1085 incredibili
1177 1025 1281 1084 huma·

181 1120 273 1179 nitate
287 1116 451 1178 Monachio
465 1117 504 1177 ad
515 1136 561 1177 me
580 1117 667 1190 misit,
681 1122 802 1195 ejusque
815 1134 901 1175 nsum
910 1136 962 1195 per
975 1127 1034 1176 tres
1048 1119 1140 1177 annot
1160 1127 1191 1176 et
1204 1116 1282 1175 ultra

184 1212 253 1273 mihi
271 1210 402 1270 indulsit.
416 1229 445 1269 v.
466 1208 630 1289 Epistulam
650 1226 745 1269 meam
765 1207 805 1269 ad
825 1207 982 1268 Oell'elium
1003 1208 1034 1266 in
1050 1208 1110 1267 tine
1128 1206 1283 1267 voluminis

185 1304 280 1383 quinti
293 1302 499 1364 Animadvers.
515 1302 555 1361 ad
568 1321 683 1381 graecoe
698 1312 844 1361 auctores.
864 1300 968 1361 Codex
985 1300 1034 1359 bic
1047 1310 1129 1361 tenet
1142 1299 1283 1379 quicquid

184 1396 273 1457 hodie
291 1406 427 1475 superest
442 1412 566 1475 operum
580 1393 877 1455 Demosthenicorum
897 1410 935 1452 eo
947 1392 1059 1463 ordino,
1081 1412 1171 1471 quern
1192 1390 1283 1471 paulo

186 1500 253 1550 ante
273 1487 407 1567 exposui.
448 1488 517 1547 Non
532 1497 578 1548 est
588 1486 725 1567 optimus,
740 1484 796 1543 sed
807 1502 904 1563 neque
919 1484 958 1545 de
967 1484 1110 1564 pessimis,
1123 1484 1282 1545 lectionem

183 1582 355 1662 plerumque
369 1578 488 1659 prefert
498 1579 657 1648 Aldinam3
676 1577 730 1637 sed
743 1576 804 1636 hoc
820 1576 851 1635 in
870 1574 922 1637 illo
935 1577 1040 1638 codiee
1057 1588 1105 1638 ιιι
1118 1577 1282 1657 egregium,

183 1672 262 1752 qnod
274 1671 399 1731 refertus
413 1681 466 1743 est,
476 1672 618 1733 varietate
629 1670 790 1731 lectionum
803 1686 892 1747 super
904 1688 1005 1729 versus
1017 1679 1049 1729 ιι
1061 1670 1091 1729 in
1104 1668 1284 1747 marginibus

186 1764 306 1844 scripta,
320 1762 438 1843 spissius
452 1763 543 1835 initio,
557 1762 650 1823 rarius
673 1761 754 1821 eirca
771 1760 872 1819 linem.
914 1762 982 1827 Qua
994 1761 1025 1819 in
1043 1760 1183 1821 varietate
1202 1758 1285 1819 baud

185 1876 249 1917 raro
262 1856 405 1916 lectiones
418 1856 513 1935 reperi
531 1856 612 1917 nullo
626 1854 684 1915 alio
698 1855 728 1913 in
743 1853 847 1915 codice
861 1872 880 1913 ιι
893 1872 941 1913 ιιι
955 1854 1161 1932 deprehensas,
1175 1872 1285 1932 casque

186 1969 245 2011 non
258 1948 497 2009 contemnendas.
531 1948 567 2009 In
579 1968 637 2009 una
649 1947 811 2027 praesertim
823 1946 963 2017 oratioue,
976 1966 1037 2005 non
1049 1947 1193 2006 srrccnrrit
1205 1964 1284 2005 nunc

186 2061 253 2121 qus,
267 2040 319 2101 hic
337 2040 433 2101 codex
447 2042 484 2101 ab
499 2041 562 2101 aliis
575 2042 708 2102 omnibus
722 2038 849 2100 discedit
861 2038 1014 2099 mirificum
1027 2039 1058 2097 in
1076 2038 1204 2110 modum,
1222 2038 1285 2118 ple.-

188 2137 251 2195 nior
272 2144 329 2207 est,
352 2132 518 2194 testimonia
537 2134 590 2193 dat
612 2134 735 2212 integre,
756 2151 822 2210 quaa
841 2131 949 2191 nostris
960 2130 1128 2209 vnlgmihus
1139 2130 1219 2189 libris
1233 2130 1286 2189 de·

187 2239 264 2299 sunt,
278 2237 312 2285 ut
326 2225 412 2304 plane
426 2243 464 2286 ex
477 2226 534 2285 alio
547 2224 631 2285 fonte
645 2243 779 2283 manasse
788 2222 918 2283 videatur
927 2222 992 2282 Mc
1006 2223 1109 2296 oratio,
1121 2242 1208 2302 quam
1221 2221 1286 2280 vnl-

189 2338 274 2399 gates
289 2318 444 2378 editiones.
485 2320 561 2385 Qua
574 2336 622 2379 res
634 2316 706 2375 mibi
719 2332 860 2395 perquam
872 2314 946 2374 mira
958 2315 1075 2389 accidit,
1092 2326 1129 2381 ut
1141 2334 1286 2394 nequeam

188 2410 352 2491 intelligere
366 2408 444 2471 unda
457 2408 501 2470 sic
520 2408 661 2469 evenerit.
704 2407 861 2468 Bavaricus
881 2407 1054 2489 plerumque
1076 2409 1164 2489 plena
1183 2421 1215 2469 et
1235 2428 1287 2469 ex·

190 2504 300 2583 plicata
318 2503 369 2562 dat
388 2501 542 2573 vocabula,
563 2501 628 2562 siae
648 2501 846 2581 apostrophis,
869 2511 980 2561 contra-
993 2519 1080 2581 quam
1101 2502 1287 2581 Augustanus

189 2595 309 2675 primus,
324 2594 373 2674 qui
389 2593 582 2675 apostrophos
596 2604 684 2654 amat.
699 2604 733 2652 ut
747 2612 775 2653 e.
789 2610 816 2653 c.
829 2611 885 2673 pro
904 2590 979 2651 τοῦθ’
992 2596 1063 2653 οὕτω
1076 2592 1129 2652 dat
1141 2600 1221 2653 τοῦτο
1230 2592 1289 2652 ιι·

190 2712 254 2755 τις.
268 2706 337 2747 narn
352 2706 431 2767 saepe
451 2687 502 2746 dat
514 2686 601 2754 οὕτως
615 2705 683 2746 cum
698 2710 714 2753 ς
727 2686 818 2745 etiam
837 2686 1011 2764 insequente
1025 2704 1163 2745 consona.
1177 2686 1290 2745 Exaru-

189 2790 237 2841 ιιι
251 2790 305 2852 ιιι,
317 2789 394 2840 ιιιιι
404 2780 522 2840 Cobero
535 2792 613 2851 meo,
626 2779 673 2839 cui
686 2778 809 2857 primam
818 2777 905 2856 hujus
919 2775 1030 2836 codicis
1041 2777 1170 2836 notitiam
1181 2778 1289 2851 debeo,

192 2872 285 2952 etqui
298 2872 391 2932 oculis
404 2872 507 2932 iisdem
521 2870 580 2933 suis
599 2881 660 2931 tam
681 2868 834 2929 Monachii
852 2869 931 2929 huuc
944 2868 1189 2939 Demosthenem,
1201 2887 1289 2947 quarn

193 2966 319 3026 eroticoo
334 2964 489 3024 Florentia
501 2964 584 3035 vidit,
598 2964 635 3023 ab
650 2962 755 3023 eadem
765 2980 863 3032 mann,
877 2980 943 3041 quae
954 2961 1158 3041 Xenophontis
1168 2961 1290 3040 Ephesii

194 3068 225 3117 et
235 3055 400 3117 Charitonis
406 3055 644 3136 Aphrodisiensis
658 3055 793 3115 codicem
807 3052 1008 3113 Florentinum
1020 3052 1161 3125 exaravit,
1174 3054 1231 3113 hoc
1245 3065 1292 3115 est
1365 3086 1369 3091 ·

194 3149 312 3222 seculo,
325 3156 358 3207 ut
371 3147 565 3223 existimatur,
576 3148 647 3207 XII.
662 3158 713 3207 aut
728 3146 814 3206 XIII.
828 3144 918 3206 literis
940 3145 1067 3219 minutis,
1081 3138 1140 3206 scdx
1149 3146 1291 3225 eleganti·

193 3240 247 3299 bus
258 3251 290 3299 ιι
303 3240 464 3319 perspicuis
477 3240 616 3319 lectuque
629 3240 723 3321 planis
733 3240 764 3297 in
774 3237 876 3298 charta
884 3239 1073 3319 bombycina,
1084 3257 1194 3311 crassa,
1203 3239 1290 3310 flaua,

194 3350 246 3411 per
258 3331 342 3391 binas
355 3332 516 3392 columnas.
557 3332 699 3393 Habebat
719 3330 861 3391 nonnulla
881 3331 1011 3409 egregia,
1033 3340 1065 3390 et
1080 3326 1205 3391 'inventu
1225 3350 1291 3391 rara

195 3424 347 3485 ιιιιιιιιιίι
366 3422 481 3483 indicia.
499 3434 535 3483 ut
548 3424 692 3485 clausulas
706 3424 736 3482 in
748 3423 808 3483 line
826 3423 1000 3496 orationum,
1012 3442 1072 3482 non
1084 3434 1184 3483 ιιιιιιι
1196 3423 1291 3494 omni·
1311 3430 1318 3441 “

193 3536 254 3587 usn,
268 3516 323 3575 sed
335 3534 436 3577 earum
447 3514 630 3576 solummodo
642 3515 716 3587 fere,
729 3534 795 3594 qnoe
808 3515 932 3595 primam
945 3525 976 3575 et
988 3516 1146 3576 secundam
1167 3516 1292 3575 classem

195 3626 234 3667 ιιι
249 3606 450 3667 distributione
464 3608 611 3667 Wolliana
624 3607 813 3683 constituunt,
825 3606 931 3686 quibus
943 3607 974 3665 in
987 3606 1126 3668 clausulis
1144 3608 1293 3668 iudicatur

193 3717 333 3759 numerum
345 3710 402 3761 τῶν
421 3704 548 3785 στιχυνι
570 3710 686 3761 constet
698 3700 826 3759 baretel
844 3699 927 3759 istaec
945 3700 1039 3761 oratio
1059 3710 1104 3761 tot
1115 3700 1163 3761 rel
1177 3710 1222 3761 tot
1233 3706 1293 3761 orl-

194 3818 271 3873 χοις.
290 3791 382 3852 babet
393 3791 426 3851 in
439 3792 617 3871 marginibus
630 3792 699 3852 item
710 3810 846 3853 numeros
860 3792 988 3873 capitum
1010 3812 1050 3853 ex
1066 3803 1182 3854 vetusta
1195 3794 1292 3854 distri·

195 3884 328 3957 butionc,
341 3903 407 3963 qum
422 3885 519 3963 capita
531 3886 647 3963 signata
660 3897 743 3945 erant
755 3885 847 3944 literis
864 3884 1014 3964 alphabeti
1033 3886 1124 3964 graeci
1136 3887 1293 3962 majoribus

197 3976 238 4035 A.
250 3976 284 4035 Β.
296 3974 330 4035 Γ.
341 3986 399 4035 ιιι.
441 3977 478 4036 In
492 3977 575 4036 calce
589 3978 685 4056 operis
696 3977 784 4036 etiarn
797 3975 851 4035 has
863 3976 1065 4037 distinctiones
1077 3978 1224 4037 veteribus
1235 3978 1294 4037 usi-

197 4076 273 4127 tatus
291 4067 322 4125 in
333 4070 453 4145 *majora
465 4079 617 4147 segmenta
637 4088 689 4129 seu
710 4069 808 4148 capita
820 4087 881 4126 una
893 4068 923 4127 iu
936 4068 1047 4130 tabella
1064 4071 1291 4149 repraesentabo,

198 4160 237 4218 ad
249 4158 371 4238 paginas
385 4170 492 4219 nostre
506 4160 651 4231 editionis,
665 4180 733 4221 cum
754 4161 891 4220 absoluta
903 4160 1001 4220 fuerit.
1041 4163 1145 4223 Habet
1157 4161 1228 4221 item
1242 4180 1294 4239 pa·

197 4251 368 4329 ragraphos,
391 4252 446 4311 sed
467 4252 582 4312 diverso
602 4252 690 4313 modo
705 4252 822 4325 divisas,
845 4262 934 4331 atque
956 4252 986 4312 in
999 4255 1176 4332 Augustano
1189 4254 1293 4331 primo,

199 4362 271 4421 quas
293 4344 489 4423 paragraphus
511 4364 567 4423 ego
590 4344 620 4403 in
644 4344 773 4405 editione
791 4364 858 4405 mea
877 4345 962 4423 signo
982 4346 1150 4422 §indicari
1191 4344 1295 4405 Habet

198 4434 318 4495 tandem
336 4448 367 4495 et
385 4436 495 4497 scholia
508 4436 633 4518 duplicis
646 4437 774 4517 generis.
788 4438 844 4499 alia
856 4436 1023 4513 vetustiora,
1046 4438 1104 4501 alia
1121 4438 1293 4499 recentiora.
