2984 4917
209 247 250 315 lir
522 241 777 306 HIERONYMI
796 240 954 302 woLm

209 396 416 482 ignorationes.
431 418 498 458 cum
511 416 623 470 eorum,
643 415 711 477 quae
731 397 855 459 lurtum
868 416 927 457 non
946 391 1023 455 male
1036 390 1170 463 disimm
1189 410 1227 452 sc
1239 388 1305 450 dill-

208 504 315 574 genter
333 490 552 570 explicavimus,
572 488 759 549 multitudine
780 507 958 570 comparare.
1001 488 1102 565 Atque
1122 484 1188 543 brec
1208 482 1246 543 ad
1261 482 1305 542 le·

209 596 304 647 ctores
319 584 379 661 sire
393 602 531 655 morosos,
546 582 607 643 sire
627 581 749 653 invidos,
762 582 824 642 sire
836 581 924 641 etiam
944 577 1102 658 imperitos,
1113 576 1163 635 rel
1182 590 1304 635 monen-

210 678 274 747 dos,
288 676 335 736 vel
348 675 517 755 placandos,
537 674 561 735 si
582 674 652 753 quid
670 673 745 751 aequi
766 694 785 733 a
806 694 840 733 se
859 672 1006 752 impetrari
1026 671 1130 740 sinent,
1154 667 1301 747 pertinere

208 769 286 839 polo.
327 767 404 827 Nam
417 767 499 847 quod
513 768 551 827 ad
564 778 646 825 tuum
661 765 699 825 de
712 785 761 825 me
770 764 911 843 judicium
932 763 1045 834 attinet,
1059 761 1102 821 vir
1114 759 1301 839 amplissime,

208 861 309 921 animo
330 880 393 919 aum
414 870 444 919 et
457 878 561 919 securo
582 870 613 918 et
626 876 742 936 magno.
783 858 842 925 Qui
854 876 920 917 cnm
933 855 1044 935 pridem
1057 864 1190 914 conatum
1205 871 1303 912 meum

208 951 280 1013 boni
300 952 477 1013 consulueris
497 951 590 1009 minus
610 950 782 1022 absolutum,
801 949 890 1027 idque
907 948 1035 1008 moribus
1055 958 1087 1007 et
1108 945 1209 1005 studiis
1228 944 1302 1004 meis

209 1044 338 1105 nondum
352 1044 394 1103 ite
407 1041 567 1122 perspectis
579 1064 586 1103 :
608 1042 695 1120 plane
710 1041 884 1121 desiperem,
895 1041 920 1101 si
933 1052 1000 1119 post
1011 1050 1124 1099 tantum
1136 1057 1154 1097 a
1166 1058 1214 1097 me
1226 1056 1303 1095 nunc

138 1168 140 1173 ·
209 1135 369 1207 adhibitum
382 1135 518 1205 studium,
529 1142 559 1193 et
572 1143 631 1193 tam
644 1134 824 1192 luculentam
838 1131 1001 1192 oratlbnum
1014 1141 1103 1210 atque
1116 1128 1304 1209 epistolarum

210 1227 353 1297 AEschinia
373 1225 655 1304 accessionem-quse
669 1224 788 1303 quidem
798 1222 992 1284 Demostheni
1002 1240 1138 1301 magnam
1150 1222 1255 1290 lucem,
1270 1230 1302 1279 et

209 1319 362 1378 utilitatem
375 1318 532 1377 lectoribus
552 1317 631 1377 baud
645 1317 783 1395 exiguam
798 1334 865 1385 cum
878 1315 942 1395 pari
954 1315 1102 1394 voluptate
1114 1317 1301 1389 conjunctam

210 1411 333 1471 afferent
344 1414 393 1490 (ne
404 1410 616 1484 annotationes,
638 1410 753 1488 aliaque
766 1409 917 1489 complura
936 1411 1179 1480 commemorem),
1192 1405 1232 1465 de
1249 1417 1302 1464 tua

211 1522 283 1582 erga
302 1521 350 1563 me
370 1514 402 1563 et
420 1502 635 1563 lucubrationes
653 1496 736 1563 'meas
754 1502 904 1561 voluntate
922 1500 1095 1560 dubitarem.
1135 1498 1302 1557 Praesertim

210 1615 277 1655 cum
291 1614 351 1654 non
368 1595 449 1674 parri
469 1595 608 1674 temporis
623 1594 787 1655 domestica
805 1591 1023 1663 consuetudine,
1047 1610 1115 1652 cum
1134 1589 1250 1650 caeteris
1269 1590 1301 1648 in

209 1688 298 1747 rebus
312 1686 503 1757 excellentem
517 1688 662 1759 virtutem,
677 1706 713 1747 ac
731 1684 840 1763 ingenii
858 1683 1067 1763 praestantiam,
1085 1694 1149 1741 tum
1167 1681 1301 1741 bomani·

209 1788 299 1851 tatem
313 1789 392 1839 tuam
405 1778 435 1837 in
448 1788 530 1839 tanto
543 1776 804 1855 fortunaewfastigio
822 1774 1028 1847 admirandam,
1041 1793 1149 1853 magna
1167 1793 1235 1834 cunr
1243 1794 1300 1833 ro·

209 1867 320 1950 luptate
339 1883 371 1931 et
389 1870 490 1930 fructu
509 1888 575 1928 meo
596 1888 656 1927 non
675 1868 844 1946 poenitendo
863 1860 1021 1944 cognorim}
1060 1866 1168 1945 ltaque
1187 1866 1301 1925 Demo·

210 1964 330 2025 sthenes
341 1982 431 2041 opera
444 1980 595 2021 meanunc
605 1958 722 2019 tandem
734 1959 877 2029 AEschini,
888 1958 998 2019 abolito
1006 1958 1057 2018 illo
1067 1958 1158 2018 reteri
1168 1957 1301 2029 odic,re·

211 2054 379 2115 conciliatus
399 2064 486 2132 atque
507 2057 687 2128 conjunctus,
702 2052 800 2112 denuo
813 2071 845 2111 se
858 2061 910 2111 tuo
923 2050 1085 2131 patrocinio
1097 2050 1301 2111 commendat:

209 2145 303 2223 inape
317 2144 427 2225 optima
439 2145 520 2215 situs,
535 2156 565 2203 te
577 2144 664 2203 talem
676 2143 813 2205 clientem
822 2162 880 2205 nec
886 2153 1113 2222 aspernatorem,
1122 2160 1219 2222 neque
1229 2162 1302 2221 neg·

210 2238 364 2312 lecturum,
388 2237 441 2297 aed
454 2256 490 2296 eo
512 2236 677 2295 habiturum
696 2256 761 2296 esse
782 2237 859 2307 loco,
879 2255 939 2315 quo
960 2255 993 2296 se
1014 2235 1133 2313 dignum
1151 2234 1302 2310 judicaris.

211 2330 339 2389 Tantum
362 2341 460 2399 autem
484 2340 537 2389 tuo
557 2330 700 2389 acerrimo
712 2328 824 2405 judicio
838 2328 945 2400 tribuit,
958 2339 992 2387 ut
1004 2328 1029 2388 si
1041 2329 1222 2389 excellentie
1239 2340 1301 2388 tum

210 2422 349 2501 probatus
362 2420 459 2492 fuerit,
480 2430 651 2481 caeterorum
676 2422 804 2481 omnium
827 2419 1059 2481 malevolentiam
1071 2420 1303 2481 etobtrectatio·

210 2532 264 2573 nes
277 2512 372 2573 animo
386 2512 550 2591 equissimo
568 2524 599 2572 et
617 2513 743 2572 maximo
761 2523 949 2573 contemnere
962 2514 1134 2573 decreverit.
1174 2513 1301 2579 Quodsi

209 2604 281 2665 illud
294 2615 402 2685 praeter
421 2624 501 2681 spem
525 2604 663 2676 evenerit,
679 2615 712 2663 ut
724 2614 755 2663 et
767 2604 864 2664 invida
883 2606 1113 2665 obtrectatorum
1136 2624 1189 2667 ora
1207 2606 1304 2666 conti·

212 2706 341 2771 cescant,
356 2708 387 2769 et
400 2695 489 2773 aliqui
501 2696 657 2755 candorem
672 2697 738 2755 viris
760 2697 843 2757 bonis
866 2709 897 2757 et
917 2698 1011 2757 doctis
1032 2698 1152 2776 dignum
1170 2699 1202 2758 in
1220 2698 1305 2777 judi·

211 2789 307 2863 cando
331 2786 498 2861 adhibeant,
522 2807 559 2848 ea
577 2788 702 2851 felicitas
720 2809 779 2849 non
793 2801 853 2849 tem
867 2788 1014 2854 industrie
1033 2811 1116 2864 mere,
1128 2811 1217 2873 quam
1229 2792 1303 2853 libe·

211 2882 315 2957 ralitati
328 2893 388 2942 tuae
402 2882 457 2943 erit
470 2880 678 2943 adscribenda:
699 2904 756 2963 qua
769 2882 878 2944 factum
892 2894 947 2956 est,
958 2894 1001 2956 ut,
1011 2886 1075 2965 plus
1089 2884 1236 2965 tranquilli
1249 2884 1301 2944 otii

211 2986 325 3045 nectua,
340 2976 506 3055 expendere
528 2975 624 3035 omnia
637 2975 803 3053 diligentius
826 2986 858 3034 et
878 2978 1024 3055 perpolite
1046 2996 1171 3054 possem.
1211 2977 1302 3043 Quod

209 3067 253 3125 ita
271 3066 335 3125 fore
358 3077 391 3125 ut
411 3066 528 3125 credam
548 3066 792 3125 fortunatissimus
818 3074 884 3124 tuus
908 3066 1011 3143 genius
1032 3066 1128 3137 efficit,
1149 3077 1181 3127 et
1191 3068 1302 3128 virtute

211 3168 299 3235 atque
319 3158 434 3234 ingenio
454 3156 507 3215 tibi
527 3168 611 3233 parta
630 3156 789 3217 autoritas:
810 3175 932 3235 quarum
950 3175 1046 3217 rerum
1065 3157 1143 3217 sicx
1154 3158 1304 3221 uberrimo

210 3258 262 3309 tuo
276 3248 357 3309 fonte
370 3249 416 3307 vel
429 3259 547 3311 tenuem
562 3249 705 3309 alveolum
725 3248 755 3305 in
776 3259 891 3307 nostros
912 3248 1023 3326 agellos
1044 3248 1191 3320 derivaris,
1215 3250 1302 3315 laetos

211 3341 326 3399 honesti
347 3340 468 3402 nominis
488 3340 599 3399 fructus
630 3340 787 3421 aliquando
805 3339 1007 3419 percipiemus.
1060 3343 1203 3421 Augustae
1227 3344 1302 3404 Vin·

124 3500 127 3509 ,
213 3432 382 3507 delicorum,
403 3452 442 3494 ex
462 3432 712 3499 bibliothecatus.
753 3430 852 3496 ldibus
865 3432 998 3512 Augusti,
1012 3434 1101 3495 natali
1112 3452 1194 3497 meo:
1210 3436 1307 3497 Anno

215 3532 304 3590 1553.

425 3754 807 3833 HIERONYMUS
834 3756 1086 3834 WOLFIUS

213 3905 333 3975 ilenrico
337 3904 443 3984 fratri,
455 3907 629 3985 philosophie
642 3918 670 3968 et
679 3909 816 3969 mcdr'cisoe
827 3908 957 3982 Doctori,
970 3909 1005 3968 N
1003 3910 1170 3987 oribergerrri
1184 3910 1303 3988 Physica

702 4034 728 4074 s.
751 4034 784 4076 n.

256 4130 426 4191 Snacrrrnrr
443 4131 500 4191 hoc
517 4131 756 4192 Demosthenieoe
777 4131 982 4210 recognitionis
1001 4140 1031 4191 et
1050 4130 1248 4211 explicationis
1262 4130 1302 4193 ad

214 4234 254 4294 te,
271 4223 368 4295 frater,
383 4243 420 4283 eo
440 4224 556 4284 nomine
570 4225 694 4285 maxime
707 4244 786 4284 nuuc
798 4224 971 4283 mittendum
984 4242 1052 4284 esse
1065 4223 1151 4283 duxi:
1172 4235 1205 4283 ut
1218 4234 1302 4315 exte

214 4316 320 4395 potius,
339 4328 371 4378 ut
390 4316 517 4379 candido
537 4327 568 4378 et
588 4336 691 4379 severo
705 4317 818 4395 judice,
838 4316 908 4396 quid
926 4316 955 4377 in
975 4315 1032 4377 boc
1052 4325 1159 4378 conatu
1178 4336 1244 4377 meo
1255 4316 1304 4380 rel
