2984 4917
218 304 278 347 ax
446 286 507 347 10.
525 284 718 381 ramum
740 284 1074 357 rnonnoormna

215 440 329 521 utrique
352 440 522 521 superstite·
544 453 651 505 meent.
695 442 743 504 Ea
768 450 828 525 φο
849 454 978 525 apparet,
1003 464 1063 505 non
1086 444 1178 505 molto
1200 444 1316 526 piaret,

215 552 302 612 qnam
316 532 411 593 CCC..
421 552 513 595 annor
523 534 666 597 interme
679 536 756 597 inter
772 547 899 597 notham
916 550 947 598 et
959 538 1169 599 Damoethenir
1181 549 1311 599 etatem.

125 668 130 693 ,
216 625 336 687 Tacitue
353 625 391 685 de
412 627 584 689 oratodbue.
605 628 721 689 Gallina
739 629 807 689 XV.
826 634 878 691 28.
891 641 925 689 et
937 630 1104 690 xv11.nl.
1125 629 1177 689 ubi
1199 629 1242 690 ric
1260 629 1312 690 n‘t.

217 718 327 778 Postea
340 718 470 779 Macedo
484 720 666 793 Alexander,
680 720 822 801 pleraque
840 734 923 800 parte
943 721 1077 781 orientali
1096 722 1229 793 subacta,
1243 733 1315 781 errat

216 828 308 869 annor
320 816 472 889 regnarent
484 811 632 885 undecim,
646 811 719 873 obiit
728 813 830 876 morde
842 813 931 873 diem
972 812 1082 892 Neque
1092 813 1133 873 ita
1142 813 1235 873 multo
1243 822 1314 892 port

218 901 392 961 emmeles
411 902 609 984 philoaophua,
629 914 659 965 et
681 918 750 984 pont
771 904 922 983 eliquanto
945 906 1163 965 Demosthenen
1183 904 1245 966 vita
1259 904 1312 965 de·

215 992 308 1053 limati
321 1003 397 1055 aunt.

257 1078 287 1135 2.
308 1073 399 1135 Pater
413 1072 642 1147 Demosthenen,
663 1094 703 1137 ex
724 1094 847 1137 numero
868 1082 925 1137 edu
944 1082 1039 1137 καλῶν
1060 1075 1211 1157 epipedon.
1241 1076 1313 1135 Plu·

216 1166 331 1233 mohin
348 1186 386 1227 ex
401 1166 604 1247 Theopompo.
624 1172 696 1251 ἀνὴρ
710 1169 856 1249 ἐλεύθερος
870 1169 1024 1231 AEselrinee
1041 1170 1071 1229 iu
1087 1170 1221 1249 Ctesiph.
1235 1170 1313 1231 Tae-

216 1268 278 1321 tres
293 1258 370 1321 Chii.
385 1257 441 1319 Vl.
456 1278 484 1319 c.
499 1261 549 1323 87.
562 1280 591 1319 r.
613 1260 763 1320 Somnium
782 1261 906 1322 Luciani
919 1280 948 1323 c.
961 1264 992 1327 ¹l.
1013 1283 1043 1343 p.
1056 1268 1087 1325 9.
1107 1262 1157 1323 ad.
1172 1265 1269 1323 Amet.
1281 1262 1314 1323 in

217 1358 288 1421 dvo.
299 1349 475 1411 trierarchus
495 1350 620 1415 Lucina.
642 1352 786 1414 Encomio
805 1354 894 1415 Dent.
936 1354 1126 1417 Trierarchua
1145 1356 1235 1417 etiam
1248 1356 1315 1415 De·

217 1444 385 1505 mosthenea
404 1442 480 1504 filius
500 1464 529 1504 v.
552 1444 670 1525 Ulpian.
691 1446 730 1507 ud
750 1445 877 1527 Philipp.
897 1448 938 1509 A.
978 1447 1098 1529 Τίμημο
1117 1449 1315 1530 ιριηραρχιιὸν

218 1534 346 1601 conditio
361 1532 487 1595 Athenis
502 1536 613 1617 optime
626 1547 657 1599 et
671 1537 882 1599 honaetiaeima
903 1539 1026 1601 Lucian.
1047 1540 1173 1601 Encom.
1192 1540 1317 1622 Μιχιι.

151 1641 156 1650 ’
218 1631 343 1710 ροποιός.
354 1627 504 1689 Plutarch
521 1630 663 1691 Brodaeua
678 1631 806 1693 Misceli.
820 1631 876 1693 lV.
894 1636 946 1695 ιθ.
960 1632 1085 1693 Lucim.
1101 1633 1225 1693 Rhetor.
1239 1652 1315 1713 pra·

219 1733 299 1802 cept.
312 1720 455 1783 Marcion.
467 1722 589 1803 Capella
598 1722 620 1783 1.
630 1729 660 1787 5.
672 1724 819 1803 Philolog.
830 1724 1000 1785 AEechim
1011 1724 1190 1805 παροπρεσβ.
1205 1726 1317 1785 Noster

217 1826 320 1875 contra
344 1814 514 1895 Aphobum.
546 1814 662 1885 scidae.
686 1816 787 1876 Valer.
811 1816 869 1877 lll.
888 1823 920 1879 4.
961 1820 1058 1886 Quen
1080 1829 1166 1898 pater
1186 1816 1315 1877 ardentia

218 1920 322 1969 maenaa
334 1906 457 1987 fuligine
475 1907 572 1985 lippus
587 1908 614 1966 A
627 1907 756 1967 carbone
769 1919 802 1968 et
819 1908 981 1989 forcipibus
1000 1910 1173 1989 gradusque
1191 1917 1316 1988 parante

218 2002 332 2063 Incude
346 2011 378 2061 et
390 2000 472 2059 luteo
484 1998 617 2059 Vulcano
631 1999 670 2059 ad
683 1999 802 2059 rhetora
816 2000 900 2061 miait.
941 2002 1078 2071 Juvenal.
1093 2002 1160 2062 Sat.
1172 2002 1212 2061 ll.
1222 2020 1251 2059 r.
1260 2018 1314 2059 ve·

217 2108 296 2155 terea
309 2094 493 2171 interpreter.
515 2091 664 2151 Praeterea
678 2092 819 2173 quidquid
838 2093 990 2155 latiarihua
1002 2096 1105 2156 indere
1118 2094 1198 2155 lihriu
1215 2094 1316 2175 priaca

218 2198 291 2249 etna
310 2183 432 2256 studuit,
450 2192 545 2245 totum
558 2200 729 2262 percurrere
743 2197 854 2247 tuetur.
896 2188 1021 2249 Manain
1030 2207 1102 2267 quaa
1112 2188 1189 2249 aeine
1201 2186 1315 2267 pelagi,

217 2298 275 2361 qne
289 2278 420 2358 pericula
438 2276 516 2348 lusit,
533 2276 697 2357 Smymoeae
710 2278 823 2340 imitata
835 2281 938 2351 tubam
958 2300 1161 2361 quemcunque
1174 2278 1315 2358 loquendi

218 2372 347 2452 Arpinas
361 2371 414 2431 dat
432 2371 534 2431 consul
554 2389 651 2450 opem,
672 2372 735 2433 aine
755 2372 860 2433 frande
880 2373 998 2433 locoru
1016 2373 1113 2433 Fahro
1132 2372 1315 2453 progenitae

217 2463 372 2545 epretocui
385 2472 467 2542 petro
477 2462 569 2541 polita
583 2463 715 2545 Eloqniis
727 2465 791 2545 plue
800 2465 902 2544 lingua
914 2465 977 2527 fuit.
1020 2464 1156 2525 Sidonica
1169 2465 1268 2525 enm.
1281 2468 1315 2554 ²:

219 2559 289 2619 Non
301 2556 357 2617 into
370 2555 466 2635 potior
479 2554 582 2617 iuiaaet
594 2556 674 2628 olim,
689 2558 747 2624 Qui
762 2558 954 2619 Pandioniam
970 2558 1109 2619 movebat
1127 2568 1191 2617 arte
1205 2556 1315 2617 Orator

218 2668 339 2713 caream
353 2647 556 2717 tumultuosus,
574 2648 634 2709 Seu
652 2649 765 2711 luecurn
785 2662 937 2730 raperetur
949 2648 979 2709 in
994 2650 1169 2729 Philippum,
1186 2648 1314 2709 cmm

217 2764 271 2805 reu
294 2739 490 2820 Ctesiphontis
511 2740 654 2813 untiaret,
677 2744 729 2801 Vir
750 2762 866 2822 semper
888 2742 1084 2823 popularitate
1101 2760 1256 2813 crescone·
1272 2740 1315 2803 Et

212 2840 294 2913 jueta
311 2834 443 2895 renidens
461 2832 491 2892 in
513 2850 581 2893 arce
593 2832 684 2907 fandi,
704 2835 764 2901 Qui
781 2836 865 2895 febro
884 2836 1019 2913 genitore
1039 2844 1222 2913 procreatus,
1243 2833 1314 2892 Oria

218 2928 319 2989 maluit
333 2926 465 3005 expolire
478 2924 584 2985 limam.
607 2925 734 2987 Thomas
746 2928 943 2988 Scholaeticue
957 2928 1076 2988 Authol.
1090 2927 1143 2988 lV.
1156 2931 1208 2989 81.
1218 2927 1313 3006 epigr.

217 3027 246 3083 8.
258 3023 387 3103 ῥητορικὴ
399 3023 487 3099 φιλέω
501 3019 685 3088 Christodnri
695 3021 724 3081 in
738 3022 828 3081 Dein.
841 3022 901 3081 Kal
910 3024 1063 3081 ποιονιόυν
1076 3019 1196 3081 Anthol.
1217 3022 1315 3085 Quam

217 3124 339 3174 matrem
354 3110 522 3189 Euripiden,
536 3122 587 3171 eut
600 3132 688 3189 quem
709 3124 822 3192 patrem
841 3113 1059 3173 Demosthenen
1073 3112 1219 3184 hahuerit,
1236 3110 1313 3190 ipen·

218 3226 283 3267 rum
298 3222 414 3285 quoque
425 3204 523 3263 seculo
537 3203 667 3282 ignotum
680 3205 745 3265 suit.
759 3205 879 3266 alteriue
892 3216 992 3267 autem
1007 3216 1126 3268 matrem
1138 3206 1229 3277 olera,
1240 3204 1314 3269 alte·

217 3300 277 3360 riua
290 3310 403 3378 patrem
416 3296 553 3357 cultellos
566 3296 740 3369 venditasse,
757 3298 886 3359 omnium
901 3318 986 3377 pene
998 3296 1150 3359 doctorum
1163 3298 1258 3357 literar
1268 3297 1313 3357 lo-

218 3406 355 3475 quuntur.
379 3392 434 3473 [Et
447 3391 523 3453 hano
543 3392 635 3471 ipram
649 3395 687 3454 ob
702 3411 822 3453 caueam
843 3392 971 3453 decebat
993 3403 1035 3462 te,
1056 3392 1194 3472 Taylore,
1213 3404 1313 3470 operat

216 3506 350 3569 parcere,
365 3486 484 3565 inepte,
499 3484 602 3557 inutili,
615 3496 645 3545 et
662 3486 787 3558 minere.
806 3485 974 3546 matimonia
986 3484 1164 3564 magnentii
1179 3485 1219 3545 de
1236 3504 1270 3543 re
1282 3484 1314 3545 ia

216 3583 321 3661 vulgae
331 3590 411 3651 nota,
422 3579 459 3638 de
468 3598 526 3657 qua
539 3598 626 3638 nemo
636 3579 762 3639 dubitat.
774 3588 804 3639 et
818 3598 886 3659 qnae
899 3578 924 3638 ai
937 3577 1111 3638 testimoniis
1124 3577 1252 3638 dehabet
1265 3591 1315 3655 ap·

215 3674 338 3757 probari,
356 3682 473 3752 poterat
485 3670 570 3731 unior
584 3672 673 3731 Dem.
688 3671 810 3732 oratoria
823 3670 1021 3731 testimonium
1032 3669 1174 3730 sufficere.
1215 3668 1257 3727 Et
1269 3679 1315 3729 ta·

216 3786 284 3828 rnen
299 3766 404 3835 uideor,
425 3764 571 3835 traducor,
584 3763 746 3843 jejunitatia
759 3782 891 3833 accusor,
909 3763 960 3842 qui
978 3762 1210 3842 pinguitudinem
1229 3761 1313 3821 irtam

215 3859 380 3941 pituitoeam
390 3856 546 3926 fastidiam,
560 3866 592 3916 et
604 3876 730 3935 perenna
749 3876 816 3917 mea
828 3855 978 3934 indignam
988 3855 1107 3927 ducam,
1120 3855 1247 3915 libenter
1259 3872 1314 3932 pu·

216 3953 284 4013 tid'n
294 3948 463 4029 magistellis
477 3947 652 4028 relinquens,
661 3950 770 4029 thue
780 3951 806 4011 ei
815 3950 926 4009 fatuam
939 3949 1109 4008 industriam
1123 3947 1261 4007 detrahar
1273 3946 1314 4005 io

217 4044 309 4125 aptiae
323 4041 525 4111 coacervandi,
543 4041 613 4099 nihil
631 4042 739 4120 ingenii
755 4041 911 4122 ruperant]
941 4040 1002 4101 Sed
1015 4040 1086 4119 quid
1099 4049 1151 4100 aut
1163 4039 1241 4099 illine
1252 4050 1313 4099 tra·

216 4139 293 4219 gion,
312 4135 465 4213 authnjue
479 4136 605 4195 oratoria
626 4135 654 4195 ri
674 4135 802 4197 clariuei
823 4134 958 4195 Valeriae
972 4134 1060 4194 Max.
1075 4134 1134 4193 lll.
1148 4137 1178 4192 4.
1200 4130 1313 4191 Phocio

216 4231 404 4292 δοιδυκοποιοῦ
416 4229 522 4307 πατρὸς
536 4228 1050 4309 61ωοίρρ.-ε1ρηιὸς-ιιτὸ-τὴν
1062 4228 1228 4301 δυσγένειαι
1240 4248 1313 4302 ecp-

216 4339 291 4397 ἧκον.
333 4322 486 4383 Athenium
505 4323 545 4381 all
562 4322 600 4403 os
613 4324 793 4391 trade—tle
810 4321 949 4397 Spartana
964 4319 1315 4401 esnone—Timon&

216 4438 297 4477 erret·
309 4418 474 4499 ‹ts-laterem
487 4414 525 4494 (ff
538 4416 611 4473 birri
624 4434 723 4493 among
741 4416 786 4473 tle
799 4414 952 4475 Alieniore
964 4414 1043 4496 fruar
1059 4414 1105 4471 tie
1115 4411 1239 4491 flctla'r
1248 4428 1314 4487 pra·
