2984 4917
493 308 551 371 AD
571 308 924 373 nssmosunnuum.
1155 316 1256 379 etnix
1296 342 1323 410 k·

29 514 30 519 κ
152 472 282 537 miani,
301 469 333 523 et
347 461 392 523 sie
406 480 441 523 Ιο
461 462 671 529 Demosthenit
686 466 985 548 femiam,
1001 486 1105 549 mp„
1117 470 1177 531 ,int
1194 471 1256 550 pla,

29 570 30 635 Ϊ
156 557 248 636 ἔῑῑῐῑῑ·
291 554 463 635 Eupirnbit
481 556 514 617 in
533 557 674 634 eiusnodi
694 557 812 639 ineptib
833 570 865 622 et
882 558 1035 621 titiviiiitiis
1048 562 1267 629 omniswmm

145 647 862 731 ‚nm·1)enostnsnnngernanioereddsndnm
872 650 987 713 molitio
995 653 1122 734 paeriin.
1143 654 1256 718 Facere

153 752 338 803 tamennon
357 752 507 822 poterunt,
529 743 703 822 quo-minus
722 756 840 807 constet
857 746 935 805 inter
954 766 1066 819 omnes,
1085 758 1117 809 et
1129 767 1176 808 res
1190 748 1256 829 ipsa

153 836 273 909 mmet,
287 851 351 906 eor,
373 834 399 893 si
419 834 470 913 qai
482 847 577 908 erant,
591 834 662 897 vitio
675 852 694 897 a
707 848 803 899 semet
822 839 1128 918 creatosinterpretes
1143 841 1254 901 Demo·

152 927 263 987 sthenis
276 926 450 987 vernaculos
463 944 562 987 emsa
585 927 704 989 demum
727 929 967 1009 interpretatione
989 930 1124 993 didicisse
1144 932 1256 995 Demo·

152 1020 288 1081 abeam
310 1020 476 1098 intelligere
496 1030 586 1099 atquo
607 1031 789 1082 convertere.
830 1022 910 1083 Ante
929 1040 979 1084 me
996 1043 1086 1085 nemo
1105 1025 1144 1085 de
1165 1026 1254 1089 Dem.

153 1112 325 1191 germanice
338 1111 491 1173 reddendo
505 1111 656 1190 cogitavit,
669 1124 738 1191 post
750 1132 799 1174 me
812 1125 898 1173 erunt
908 1115 1125 1193 proculdubio,
1134 1117 1185 1196 qui
1193 1136 1255 1179 oer-

152 1205 235 1267 tttim
248 1224 318 1265 enm
330 1204 468 1265 reddent.
491 1203 553 1265 Sed
562 1204 601 1265 de
611 1204 726 1265 voculis
739 1205 817 1265 inter
826 1224 861 1265 se
873 1207 1064 1279 contendent,
1073 1226 1137 1269 rem
1150 1228 1254 1271 omnes
1385 1268 1394 1283 ,

153 1298 221 1359 nni
235 1297 396 1359 debebunt.
438 1296 559 1357 Interim
572 1314 717 1370 sonoros,
731 1308 773 1371 et,
787 1297 813 1358 si
826 1288 871 1359 dis
884 1298 995 1378 placet,
1008 1300 1144 1363 meliores
1156 1301 1255 1363 ferent

152 1392 344 1471 interpretem
365 1401 428 1451 eta
439 1389 589 1451 senatibus
603 1389 831 1469 prameridam
843 1391 1048 1471 scriptoribus,
1061 1410 1187 1473 quornm
1199 1404 1253 1455 aut

151 1484 254 1557 fames,
269 1495 322 1543 aust
330 1482 451 1555 invidia,
464 1493 518 1543 aut
531 1481 635 1562 grotta,
649 1493 701 1543 aut
710 1483 840 1543 studium
852 1484 979 1563 partium
988 1485 1051 1564 agit
1063 1496 1095 1546 et
1106 1488 1254 1564 gubernet

151 1578 269 1657 stylum,
283 1575 417 1637 indibus
430 1574 461 1635 ia
475 1573 763 1637 cmlum'efferentar.
805 1578 887 1642 Quos
901 1577 1040 1656 equidem
1054 1590 1086 1638 et
1103 1579 1158 1639 sibi
1170 1578 1250 1659 ipsos

151 1671 279 1749 placere,
299 1679 332 1729 et
343 1669 382 1727 ab
400 1667 464 1727 aliis
477 1668 674 1729 commendari
687 1668 778 1729 facile
791 1669 897 1746 patim,
909 1688 1008 1729 meum
1028 1689 1102 1750 opus
1122 1672 1251 1733 examini

151 1760 386 1841 intelligentium,
408 1771 441 1821 et
461 1760 499 1821 ab
523 1760 612 1821 animi
631 1760 897 1841 perturbationibus
916 1778 1053 1823 sanorum
1072 1762 1250 1843 relinquens,

151 1854 319 1917 mercedem
325 1850 574 1924 benefactiadeo,
586 1862 618 1911 et
628 1870 646 1913 e
655 1852 941 1915 conscientiaierens
948 1870 1018 1914 mea
1026 1852 1249 1934 satismagnam,
1262 1892 1266 1904 ·

151 1945 267 2007 mmetai
280 1943 475 2007 bominesaut
485 1943 576 2019 stulti,
585 1954 636 2007 tut
644 1943 782 2025 imperiti,
791 1954 844 2007 aut
853 1943 994 2007 exosime
1003 1945 1130 2027 mihique
1135 1946 1248 2019 infesti,
1260 1984 1265 2003 .

150 2050 272 2121 m.
728 2056 731 2063 ,

566 2286 695 2355 SEGT.
718 2286 833 2353 XIII.

413 2444 460 2507 De
481 2424 690 2508 Commentario
708 2450 737 2506 in
758 2446 978 2506 Demosthenem.

187 2600 492 2662 Couunsrarouss
507 2600 537 2659 in
556 2600 789 2662 Demosthenem
806 2599 977 2660 recentioris
996 2598 1051 2659 tevi
1069 2598 1165 2659 nullos
1177 2600 1245 2659 nori

149 2704 257 2772 praeter
271 2712 333 2767 eos,
346 2712 419 2773 quos
430 2694 491 2771 Jam
506 2691 662 2765 nominem,
677 2690 827 2763 woldam,
849 2690 1019 2772 Taonrum,
1041 2691 1091 2771 qui
1105 2691 1165 2751 duo
1177 2701 1247 2751 sunt

150 2784 306 2865 principes,
320 2796 353 2845 et
366 2784 438 2845 istos
451 2784 570 2844 minoris
591 2782 751 2861 dignitatis,
764 2782 993 2854 nuncianum.
1010 2782 1201 2854 Toutellium,
1216 2791 1249 2841 et

149 2874 325 2937 Leiandnm.
366 2876 446 2937 Nam
466 2876 619 2947 schottus,
639 2874 763 2948 Petitus,
782 2875 927 2948 Valesius,
949 2874 1116 2945 Salmasius,
1129 2873 1246 2933 tametsi

150 2968 232 3029 locos
247 2968 458 3029 Demosthenis
471 2968 581 3028 multos
595 2977 805 3047 exposuerunt,
819 2978 919 3029 tamen
932 2967 1072 3047 professis
1084 2965 1249 3045 interpreti·

149 3060 204 3119 bus
221 3061 302 3119 haud
314 3060 449 3121 videntur
469 3060 689 3121 annumerandi.
729 3061 872 3121 Veterum
890 3060 962 3119 nulii
982 3060 1022 3119 ad
1041 3078 1095 3119 nos
1108 3076 1248 3139 pervene-

148 3164 217 3213 runt
230 3153 260 3211 in
275 3153 431 3215 Demosth.
443 3152 654 3225 commentarii,
665 3154 840 3232 preteritis,
851 3172 919 3233 quoe
932 3154 986 3213 sub
1000 3152 1119 3233 Ulpiani
1128 3150 1247 3211 nomine

148 3246 403 3319 circumferuntm,
416 3246 592 3325 fragmenta,
604 3246 662 3307 alia
671 3246 702 3305 in
716 3246 780 3307 aliis
791 3246 950 3319 codIcibus,
961 3245 1056 3326 plura,
1064 3245 1247 3325 pauciorare,

148 3340 296 3399 deteriora
309 3338 500 3400 autmeiiora.
535 3338 626 3397 Multi
640 3337 708 3399 oiim
717 3338 868 3399 scholiain
881 3339 1136 3418 Democripsere.
1175 3338 1248 3399 Me·

146 3432 230 3491 minit
244 3430 406 3510 Dionysius
425 3431 577 3491 Halicarn-
613 3431 783 3491 Cailimschi
802 3432 924 3507 alicujus
943 3431 1051 3492 vetusti
1072 3432 1247 3492 enarratorir

148 3526 237 3585 Dem.
259 3524 302 3583 11.
318 3528 387 3591 171.
400 3530 431 3587 6.
452 3544 470 3583 e
489 3544 547 3602 qno
567 3524 634 3585 loco
653 3536 747 3604 paret,
763 3531 826 3602 jam
847 3524 981 3606 Dionysii
994 3534 1081 3585 aetate
1094 3525 1245 3585 conditum

147 3618 239 3681 insse
253 3617 343 3687 bunc,
357 3636 446 3696 quem
462 3615 548 3675 hodie
569 3616 719 3691 habemus,
740 3618 824 3696 quasi
843 3636 986 3677 cononem
1005 3617 1160 3677 Demostb
1180 3636 1247 3677 ora·

147 3712 269 3773 donum.
311 3710 459 3771 Fabricius
480 3708 557 3767 Bibl.
579 3709 635 3768 Gr.
651 3708 688 3771 T.
709 3710 735 3769 1.
756 3730 786 3789 p.
805 3714 876 3782 928,
897 3710 952 3769 bos
971 3719 1181 3770 commemoret
1199 3708 1246 3772 bis

147 3806 244 3865 verbis
276 3802 377 3883 [Coelii
399 3800 544 3863 Calactini
566 3800 657 3861 Siculi
677 3801 801 3861 rhetoris
822 3802 969 3883 σύγκρισις
988 3800 1187 3881 Δημοσθένους
1200 3806 1247 3863 rai

147 3896 318 3977 Κικέρωνος.
332 3894 478 3975 σῦγκρςσις
491 3892 566 3973 App.
580 3896 626 3951 καὶ
636 3896 790 3975 Αἷσχίνον.
798 3894 873 3955 iiber
882 3897 944 3976 rapi
953 3893 1162 3973 Δημοσθένους,
1170 3904 1247 3957 ποῖοι

148 3992 235 4049 αὺτοῦ
248 3989 332 4061 λόγοι
346 3994 460 4062 γνήσιοι
473 3990 518 4045 rai
530 3993 605 4045 ποῖοι
619 3984 709 4060 νόθοι,
722 3996 786 4046 tum
798 3988 987 4067 ὑπομνήματα
1007 3986 1117 4046 Zosimi
1131 3987 1246 4060 (imi,
1305 4048 1315 4055 ,

149 4080 279 4147 Zenoms
292 4078 390 4150 Zitiei,
407 4098 466 4139 non
488 4078 655 4139 Stoicorum
675 4077 823 4158 principis,
843 4079 897 4138 sed
913 4077 1047 4151 rhetoris,
1064 4089 1096 4139 et
1117 4080 1248 4141 Saliustii

149 4172 288 4253 sophistes
301 4170 333 4229 in
354 4170 731 4255 Demosthenempquorum
743 4169 873 4230 meminit
888 4168 995 4231 Suidas
1008 4170 1248 4251 interciderunt]

150 4264 238 4327 Wolf
246 4266 276 4323 in
294 4262 466 4343 praefatione
486 4264 525 4323 ad
546 4262 663 4341 Ulpiani
684 4262 914 4323 commentarios.
938 4260 1017 4342 [Sed
1036 4283 1104 4324 cum
1123 4264 1249 4325 aliorum

150 4356 342 4437 conplurium
354 4355 450 4415 editos
462 4354 493 4415 in
503 4354 733 4415 Demosthenem
743 4354 977 4425 commentarios,
992 4353 1043 4435 qui
1055 4374 1134 4434 saepe
1148 4355 1178 4413 in
1191 4354 1249 4414 hot

151 4468 239 4531 opere
251 4449 388 4523 nitantur,
403 4452 483 4525 cujus
496 4448 576 4509 modi
590 4458 658 4509 sunt
680 4447 811 4529 Appium,
825 4448 987 4520 Genetbiii,
1001 4446 1160 4527 AEscuapii
1175 4448 1248 4509 Ale·
