2984 4917
505 320 566 381 An
588 318 941 384 DEMOSTHENEM.
1182 320 1285 381 -clsri

175 472 338 555 ῳὶιίςίί.
349 474 591 554 quotuquque
602 488 648 537 cst
661 492 791 555 mcum
801 476 855 555 qul
865 475 971 556 legat?
984 475 1094 535 nedum
1106 485 1141 534 ut
1152 475 1283 538 latinum

167 569 299 649 ,Ulpiani
310 579 365 628 tus
375 567 467 627 latina
477 568 679 648 interpretatio
693 587 810 649 morsus
822 570 875 632 tila
887 578 942 639 est,
957 588 1045 647 quam
1057 577 1202 633 nostrates
1213 587 1283 648 pro-

176 661 279 721 verbio
293 664 420 736 joctsot,
436 659 539 739 quinta
551 678 653 721 currus
665 660 754 721 rota?
783 660 884 721 Labor
903 659 1050 722 incassum
1069 670 1214 738 persnas,
1228 678 1282 720 cu·

167 756 224 827 jus
239 771 328 811 nemo
341 752 395 811 tibi
416 752 532 830 gratias
543 753 643 813 habet.
684 753 743 812 Pro
757 752 1062 831 istainterpretationc
1075 752 1186 811 bonum
1205 770 1281 830 grte-

178 865 247 905 cunr
271 844 399 904 indicem
423 845 615 917 condidisses,
639 844 802 907 addidisses
823 843 1099 923 Harpocrationem,
1121 856 1175 905 snt
1200 844 1281 903 aliud

174 937 256 1015 qnod
266 936 442 999 rhetoricum
455 936 571 997 lexicon
584 937 737 1009 ineditum,
753 937 925 1017 digessisses
937 936 1024 997 ntem
1037 946 1118 996 tuam
1131 935 1280 1000 horridam

175 1040 209 1089 et
220 1027 403 1091 inconditum
417 1028 530 1108 sylvam
543 1028 715 1089 variantium
729 1040 766 1089 et
773 1028 1005 1099 annotationum,
1015 1039 1047 1087 et
1059 1028 1235 1088 concinnum
1247 1028 1279 1087 in

175 1120 307 1181 ordinem
318 1120 500 1199 redegissea;
521 1121 614 1181 multo
624 1121 667 1181 sic
676 1126 818 1196 mojorem
832 1119 1154 1198 gredamslectoribus
1163 1119 1277 1192 inisses,
1364 1192 1367 1197 Ι

175 1222 205 1272 et
215 1213 308 1273 multo
318 1212 422 1277 melius
436 1231 535 1273 eorum
547 1212 707 1274 commodis
717 1212 904 1293 providisses.
927 1211 1007 1271 Vitio
1016 1212 1202 1291 hocqnoque
1213 1211 1277 1271 dari

176 1303 285 1365 Wolfio
291 1309 359 1380 jure
372 1315 480 1383 potest,
495 1304 586 1383 quod,
601 1324 689 1384 quum
702 1304 884 1365 decrevisset
896 1302 1063 1373 editionem,
1076 1322 1137 1362 non
1149 1302 1278 1383 aliquam

173 1396 362 1457 vetustiorem
375 1396 509 1456 fideliter
520 1397 656 1469 reddere,
671 1397 725 1457 sed
739 1396 972 1457 Demosthenem
992 1396 1032 1456 ad
1043 1405 1171 1455 mentem
1193 1414 1277 1455 suam

172 1488 405 1559 constitutum,a
422 1508 455 1549 se
474 1489 664 1550 reformatum
685 1489 765 1561 dare,
785 1488 1054 1569 prestantissimum
1075 1498 1174 1546 tamen
1195 1488 1278 1547 codi-

173 1599 238 1641 cem
256 1590 373 1651 metum,
387 1600 476 1660 quesn
492 1582 572 1641 domi
585 1600 669 1661 piene
690 1600 752 1642 suae
765 1581 901 1651 haberet,
912 1580 942 1639 in
954 1580 1028 1639 urbe
1038 1580 1157 1659 quidem
1169 1600 1232 1652 sus,
1242 1579 1275 1639 in

171 1672 350 1733 bibliothece
364 1674 446 1751 Aug.
461 1673 534 1751 reip.
553 1674 593 1734 ud
604 1660 700 1753 'quom
723 1672 933 1733 bibliothecam
953 1672 1008 1750 ipsi
1032 1672 1129 1731 aditus
1147 1683 1274 1751 peteret,

171 1782 230 1823 non
243 1764 433 1837 consuluerit,
453 1764 506 1827 red
525 1764 614 1845 prius.
629 1764 836 1827 excudendum
857 1763 974 1824 dederit
995 1784 1080 1823 suum
1093 1765 1275 1825 Demosthe·

171 1874 250 1929 nem,
265 1867 296 1916 et
309 1867 371 1917 tttm
385 1858 503 1917 demum
525 1859 658 1919 absoluta
677 1858 867 1937 impressione
882 1854 1028 1916 curaverit
1040 1856 1122 1915 illum
1137 1857 1272 1917 codicem

168 1950 207 2009 ab
219 1950 279 2010 elio
300 1949 436 2011 conferri.
478 1950 556 2011 Nem
575 1952 653 2030 prius
673 1952 755 2010 illam
774 1950 958 2010 collationem
981 1967 1046 2008 esse
1067 1948 1174 2008 factam
1189 1948 1271 2009 nullo

167 2052 288 2103 constet
300 2042 422 2115 indicio,
433 2060 501 2103 cum
512 2044 580 2104 anni
594 2054 674 2104 note
683 2044 781 2103 desint
794 2043 908 2121 utrique
921 2041 1063 2121 epistolae,
1072 2050 1134 2099 tam
1146 2028 1271 2101 Simonis

169 2134 294 2194 Fabricii
306 2134 345 2193 ad
358 2133 510 2207 Wolfium,
521 2154 607 2214 quern
617 2135 774 2195 Wolfisnte
785 2134 837 2214 illi,
852 2134 899 2193 cui
910 2134 970 2193 isto
977 2132 1150 2194 Fabricisna
1162 2132 1271 2193 inserto

167 2238 222 2287 est.
264 2226 363 2287 Possit
371 2227 447 2289 adeo
458 2228 548 2306 poulo
558 2228 623 2307 quis
632 2228 813 2306 suspicacior
822 2226 922 2287 venire
931 2226 962 2283 in
971 2224 1050 2285 illem
1060 2224 1267 2305 suspicionem,

167 2318 308 2380 Woliiom
318 2319 420 2397 utique
433 2338 517 2379 usum
531 2320 621 2380 fuisse
636 2319 741 2379 codice
755 2318 806 2377 illo
815 2320 991 2396 Angustano
1004 2317 1037 2376 in
1048 2316 1270 2377 conscribendis
1386 2343 1391 2356 ⁸

166 2412 225 2474 Ιώ
238 2406 486 2483 metationibus,
500 2411 551 2491 qui
563 2413 656 2471 multa
668 2430 723 2490 pro
736 2411 797 2470 suis
817 2409 993 2485 conjecturis
1013 2408 1127 2488 prodat,
1151 2428 1218 2489 quae
1237 2412 1271 2469 in

165 2504 216 2564 illo
235 2502 340 2565 codice
360 2502 516 2581 leguntur;
535 2498 709 2583 quemqnam
727 2522 785 2581 ego
802 2501 939 2581 equidem
959 2502 1053 2562 virum
1074 2502 1217 2580 optimum
1231 2522 1269 2562 ea

165 2596 274 2656 invidia
293 2595 483 2671 injustissime
503 2612 633 2656 onerare·
647 2596 747 2666 noIIm,
766 2605 800 2653 ut
809 2593 967 2674 plagiarius
980 2592 1135 2655 habeatur.
1178 2595 1267 2673 Seepe

164 2690 235 2748 mihi
247 2701 392 2748 venerunt
405 2690 434 2747 iu
448 2698 578 2749 mentem
599 2690 789 2766 conjectures,
803 2706 877 2767 quas
896 2685 1084 2765 postmodum
1103 2686 1134 2744 in
1155 2687 1268 2747 codici·

164 2780 220 2840 bus
235 2780 316 2840 mstis
329 2780 435 2859 reperi.
456 2781 513 2861 (Ut
525 2798 619 2859 nuper
628 2780 659 2839 in
670 2779 810 2851 Aristide,
820 2778 852 2837 in
860 2798 948 2858 quem
958 2797 1031 2857 quas
1044 2778 1183 2839 octennio
1196 2768 1265 2840 ante

163 2872 380 2951 publicsveram
401 2878 583 2950 conjectures
601 2890 692 2943 meas,
708 2890 810 2931 esrum
827 2881 942 2949 partem
962 2871 1050 2950 longe
1068 2871 1226 2930 maximam
1246 2892 1266 2933 s

165 2964 317 3024 cmlicibns
329 2964 511 3043 Augustnuis
525 2976 556 3025 et
567 2965 724 3037 sturicis,
746 2956 987 3023 emendatissimis
1007 2974 1039 3022 et
1052 2963 1179 3042 optimis,
1193 2982 1264 3022 con·

162 3056 309 3117 &mam
318 3056 509 3136 deprehendi,
521 3076 588 3118 curn
606 3057 724 3137 gaudio,
743 3067 775 3116 et
788 3075 841 3136 spe
858 3056 937 3115 bona
946 3054 985 3114 de
998 3074 1129 3115 mearum
1140 3054 1171 3113 in
1185 3075 1263 3134 grm-

163 3168 214 3209 cos
228 3160 366 3209 suctores
387 3149 668 3211 animadversionum
687 3148 815 3226 libellis.)
856 3148 923 3227 Ego
936 3166 1007 3209 vero
1027 3148 1095 3208 illos
1111 3166 1170 3207 non
1191 3148 1262 3206 milri

162 3242 305 3321 erogavi,
319 3262 387 3321 qun
399 3241 469 3301 mihi
490 3262 557 3303 com
579 3243 727 3303 codicibus
741 3260 911 3302 communes
925 3252 1010 3301 erant
1023 3240 1260 3311 demosthenicis,

160 3334 344 3412 ¹sedlubens,
359 3345 389 3393 et
399 3346 486 3413 prout
495 3354 546 3414 par
558 3346 622 3394 erat
632 3346 720 3413 etque
733 3354 860 3414 coquum,
873 3333 1026 3413 gloriolam
1040 3352 1166 3404 omnem,
1179 3353 1262 3413 quae·

159 3438 342 3509 cunqueest,
355 3429 468 3489 auctori
481 3449 546 3500 suo,
562 3428 658 3489 codici
677 3428 883 3508 manuscripto,
902 3428 953 3487 ubi
971 3446 1146 3506 repereram,
1166 3437 1260 3487 trans·

159 3521 275 3601 scripsi..
303 3520 467 3599 Supersunt
485 3520 555 3579 mihi
568 3520 616 3579 vel
635 3520 677 3579 sic
690 3538 809 3599 quoque
828 3538 949 3577 numero
969 3518 1102 3598 plurinum
1120 3518 1259 3578 emenda·

158 3615 263 3685 tiones,
276 3632 401 3693 querum
413 3612 508 3691 glorio
518 3612 693 3673 inventionis
702 3612 773 3670 mibi
783 3611 909 3690 propria,
920 3629 987 3669 cum
1000 3610 1118 3671 nemine
1126 3628 1263 3685 commu«,
1314 3608 1320 3618 “

157 3705 336 3779 nis,.manet.
376 3704 521 3767 Unioerse
542 3704 631 3764 nimia
648 3703 795 3763 festinatio
813 3703 891 3761 bono
904 3700 1014 3761 Wolfio
1034 3701 1138 3761 obfuit.
1179 3702 1256 3761 Tur·

158 3798 280 3859 bulento
302 3797 399 3856 omnia
415 3808 447 3856 et
460 3794 643 3877 proecipitate'
652 3796 721 3875 egit.
764 3796 882 3854 Profert
894 3794 1105 3875 Wolfquoque
1117 3806 1257 3874 tanquam

155 3890 275 3949 inventa
286 3908 349 3960 sun,
364 3888 515 3960 lectiones,
527 3892 666 3968 quaejam
682 3888 792 3947 dudum
806 3897 876 3947 ante
888 3887 920 3945 in
933 3887 1140 3948 vetustioribus
1153 3887 1257 3948 editio·

155 3982 241 4043 nibus
262 3980 452 4061 legebantur.
500 3981 621 4042 Scilicet
636 4002 697 4041 non
716 3981 888 4041 habebatis
902 3982 1011 4041 chortis
1024 3982 1165 4043 ordinetis
1176 3984 1256 4043 Mne
1352 3996 1366 4013 ²
1476 3977 1477 4014 ³

154 4074 308 4154 dispositas
326 4073 485 4133 lectionum
503 4074 677 4145 varietatem
697 4092 756 4153 quo
773 4072 895 4145 factum,
913 4086 947 4133 ut
965 4074 1117 4149 lectiones,
1137 4068 1210 4154 quas
1222 4074 1255 4132 in

154 4166 251 4245 alique
268 4166 429 4226 vetustiore
458 4167 585 4227 editione
609 4168 739 4247 legisset,
764 4166 957 4226 ndhoesissent
980 4168 1138 4238 memoriae,
1160 4168 1253 4240 locus,

154 4262 204 4327 ubi
217 4260 348 4339 legisset,
363 4258 536 4329 effluxisset;
556 4272 589 4319 ut
610 4261 663 4321 sibi
676 4260 824 4321 rideremr
835 4279 889 4320 suo
902 4273 994 4341 marte
1006 4259 1161 4331 invenisse,
1172 4258 1269 4336 quod·

153 4352 295 4414 memoria
315 4353 505 4430 suggerebat.
535 4353 607 4412 Post
628 4352 706 4411 illam
722 4352 822 4411 Wolfii
842 4352 879 4412 ad
892 4352 1052 4412 Eusebium
1066 4350 1253 4431 Episcopium

154 4445 308 4527 epistolam
327 4455 488 4524 sequuntur
504 4444 632 4519 ejusdem
650 4456 709 4505 tres
723 4444 923 4515 dedicationes
944 4444 1071 4523 priorum
1091 4439 1250 4501 editiosm
