2984 4917
507 350 570 415 AD
585 340 942 426 DEMOSTHENEM)
1061 360 1069 373 ‘
1156 346 1272 414 'cirin

165 520 292 587 quque
312 504 355 566 ad
372 502 454 567 iocos
467 507 641 589 paginernm
662 520 694 569 et
705 526 844 569 versunm
863 504 989 587 alligari,
1000 503 1217 565 ntvnietstem
1228 502 1274 565 le-

159 599 267 683 ctionis
275 598 518 663 Demosthenicoe
531 603 586 663 nb
595 620 656 663 uno
669 608 833 681 conspectu
845 600 979 661 hebetes.
1020 598 1177 659 Delirabat
1187 593 1276 657 wolt

163 692 206 751 its
217 692 353 753 scribens
368 694 399 753 in
412 693 540 773 epistole
556 694 595 755 ad
609 692 800 773 Episcopiom
820 692 995 752 variantium
1013 691 1106 772 sylvas
1125 689 1272 768 subjecti,

162 804 192 864 p.
206 788 279 846 Μ.
305 784 408 846 Vorior
424 788 552 847 hstium
572 789 688 846 omnium
701 785 1037 863 effitiowrrconsignotor
1049 786 1141 856 hohor,
1154 797 1285 862 qrsorrtst.
1371 853 1375 859 Δ

161 895 289 937 mooe
307 879 333 937 ti
344 879 430 959 schir
448 880 633 957 impressionis
652 888 709 938 trtoe
727 878 926 939 commodos·
938 877 1091 954 nequirent,
1102 874 1272 955 proterrit-

163 970 568 1051 momentorumque
586 972 742 1031 monendum
763 988 798 1029 es
818 970 880 1048 ipso
900 969 973 1028 serie
991 968 1271 1028 motiosmnrticeo·

162 1080 225 1123 Μ
238 1080 292 1140 qm
301 1082 412 1141 quoque
423 1074 491 1125 soto
501 1067 643 1143 pertinent
654 1062 826 1143 deprehendi.
866 1062 973 1143 Inique
984 1061 1123 1141 punias,
1137 1060 1178 1119 mi
1189 1062 1270 1121 bend

164 1152 265 1213 wolfi.
307 1154 383 1215 Tem
397 1176 456 1237 ego
468 1154 579 1238 fungus
592 1176 652 1218 non
674 1173 751 1228 sum,
772 1166 808 1216 ιιι
827 1156 915 1216 unius
938 1155 1049 1217 netrrhe
1065 1173 1170 1216 cnussa
1190 1166 1271 1219 totas

163 1254 415 1309 sescentenormn-
433 1268 572 1311 rmum
596 1250 743 1311 ormienes
765 1250 930 1329 perlegam
969 1248 1040 1309 Non
1057 1249 1100 1308 ite
1118 1248 1270 1323 induere,

162 1354 222 1398 nen
241 1338 429 1419 precipitare
453 1358 537 1421 opus,
560 1341 639 1421 quod
660 1340 764 1401 ordine
778 1358 867 1420 egere
881 1341 1021 1416 debebas,
1035 1339 1196 1421 Episcopio
1208 1361 1270 1403 non

163 1430 291 1491 schedas
303 1430 452 1507 disjectas,
465 1432 538 1493 folin
549 1432 681 1513 Sibyllae,
694 1432 818 1493 elieser
830 1432 894 1492 eliis
907 1433 1033 1503 mittere,
1047 1452 1130 1512 quas,
1140 1452 1201 1513 quo
1221 1443 1270 1494 es·

164 1524 417 1596 santreierendm,
431 1544 520 1587 nemo
532 1526 632 1598 sciret,
653 1543 721 1604 quse
740 1524 814 1605 ipsrs
834 1523 890 1584 sibi
912 1524 1152 1594 contradicerent
1174 1546 1267 1609 saepe,

162 1616 216 1677 sed
230 1616 260 1676 in
274 1617 419 1679 mandatis
429 1618 511 1692 dare,
522 1630 556 1680 ut
564 1616 776 1679 Demosthenis
788 1627 902 1677 teanum
909 1618 1089 1681 uendente
1102 1618 1269 1685 absolutum

163 1710 202 1769 nd
213 1720 243 1769 tn
256 1710 399 1784 mitteret,
411 1730 501 1791 quern
514 1722 548 1772 ιιι
559 1730 616 1793 per
635 1708 733 1772 otium
753 1710 912 1791 reingeres,
924 1722 958 1773 et
969 1711 1171 1773 aanmafiones
1191 1722 1268 1788 mas,
1365 1701 1368 1710 ¹

163 1803 317 1884 vanasque
329 1806 473 1867 lectiones
485 1806 525 1867 ad
539 1805 638 1867 locum
649 1822 798 1886 quemque
809 1824 894 1866 ιιιιιιιι
906 1806 1042 1879 referres,
1056 1816 1090 1866 et
1100 1806 1209 1867 munde
1222 1806 1269 1867 ni·

162 1895 285 1977 tideque
299 1908 331 1958 et
349 1898 452 1959 ordine
466 1898 629 1979 descriptas
647 1898 764 1959 chartea
785 1916 887 1959 omnes
908 1899 948 1959 ad
968 1898 1182 1981 typographum
1199 1900 1269 1961 mit-¹

161 1998 250 2050 teres.
292 1990 358 2050 Nisi
372 1992 525 2053 masiliam
537 1990 681 2072 cepissem
695 1990 804 2052 edendi
818 1991 1037 2063 Demosthenis,
1047 1992 1128 2073 quod
1137 2011 1186 2052 me
1198 2012 1269 2054 coe·

162 2082 206 2163 git
218 2084 360 2163 quicquid
370 2104 494 2165 usquam
509 2094 639 2147 exstaret
648 2084 799 2166 copiarum
811 2085 891 2166 typis
903 2104 1046 2146 excusum
1057 2085 1268 2165 indagarem·

163 2176 233 2235 dulc
252 2186 285 2237 et
302 2196 370 2237 cum
383 2178 547 2257 pulviscuio
560 2178 726 2251 conarere,
749 2188 780 2239 et
792 2180 898 2239 ordine
915 2178 1063 2240 concinno
1075 2178 1192 2259 digesta
1211 2180 1269 2243 iet·

164 2268 263 2328 omnis
281 2288 458 2349 proponere,
471 2290 619 2351 nunquam
641 2272 716 2331 tanti
735 2270 882 2344 seciorem,
902 2272 1058 2333 utilitatem
1079 2290 1161 2353 serpe
1181 2274 1268 2335 minis

164 2378 250 2433 mam,
265 2372 319 2421 aut
332 2363 451 2437 nollem,
466 2362 593 2425 maximo
607 2375 639 2425 et
652 2364 832 2425 esrnmnabrii
845 2364 949 2426 labere
966 2384 1075 2426 emere.
1116 2369 1214 2433 Quem
1226 2368 1269 2429 is·

160 2454 263 2514 borern
284 2454 340 2535 ipsi
360 2456 438 2517 eden
460 2456 635 2538 Episcopius
660 2466 692 2517 et
712 2454 771 2516 Th.
785 2454 958 2537 Zsringerus
975 2457 1163 2538 defingerunt
1178 2459 1268 2523 amici

162 2546 275 2625 Woifii,
289 2565 412 2627 quorum
432 2550 587 2628 plurimum
605 2550 755 2623 intererat,
771 2550 863 2630 etqui
875 2550 1023 2611 debebant
1035 2562 1068 2611 et
1079 2552 1210 2613 omniurn
1224 2556 1268 2617 fn

162 2638 271 2700 ciliime
284 2652 423 2719 poterant
436 2660 503 2702 enm
517 2642 658 2722 expedire
670 2661 724 2721 pro
735 2643 887 2714 omnibus3
908 2642 963 2723 ipsi
969 2642 1049 2703 odeo
1059 2644 1268 2711 Franctirrtani

161 2744 193 2793 et
202 2734 396 2795 Generenses
409 2736 635 2809 exhorruerunt,
647 2734 698 2815 qui
707 2735 885 2797 Woltiannm
895 2736 1131 2797 Demosthenem
1142 2740 1268 2801 recude-

161 2838 239 2899 nmt,
249 2834 332 2905 (nam
345 2828 376 2887 in
386 2838 490 2889 neutrs
510 2826 682 2889 recensione
693 2828 750 2889 iste
762 2828 893 2890 miscella
900 2828 1019 2909 farrago
1030 2828 1062 2887 in
1073 2829 1206 2891 ordinem
1219 2852 1269 2894 re·

162 2920 251 2982 dnots
263 2934 322 3002 est,
331 2932 383 2982 eut
393 2922 509 3003 pagium
522 2940 662 2983 versasse
675 2922 752 2982 notis
765 2934 818 2982 eut
826 2922 1004 2983 nmnubm
1017 2921 1157 3029 adscripti
1166 2924 1267 3001 ;)euns

161 3015 307 3077 lectonrrn
325 3026 451 3121 tuorurp,
467 3014 567 3089 Wolfi,
588 3026 732 3095 quotquot
745 3027 815 3076 sunt
827 3026 859 3076 et
873 3024 960 3075 erunt
973 3016 1101 3074 omnium
1113 3018 1266 3097 ιιιιιιιιιιιίι·

161 3126 219 3187 qne
233 3107 340 3167 viritim
351 3088 478 3169 maximo
492 3127 561 3169 cum
579 3106 669 3169 taedio
687 3105 862 3168 devorabit?
894 3106 964 3167 Non
981 3107 1135 3187 cogitabas
1156 3128 1266 3191 nempe

161 3200 205 3260 sic
219 3199 334 3259 irrideri
354 3220 447 3281 genus
460 3202 629 3274 humanum,
647 3200 690 3261 sic
710 3200 880 3281 patientiam
893 3210 1024 3260 ιιοιιιιιιιι
1036 3199 1163 3281 fatigari.
1203 3202 1267 3264 Ιιιι

160 3304 320 3373 ροιιιιιιιιιιι
334 3305 389 3367 est,
404 3304 438 3354 ut
450 3304 482 3353 tu
494 3294 572 3355 melo
586 3312 700 3364 careas,
715 3293 795 3373 quod
808 3291 861 3353 tibi
878 3292 1083 3367 conveniebat,
1094 3292 1158 3355 aliis
1171 3294 1267 3356 mille

160 3385 217 3456 nis,
230 3385 268 3446 ad
279 3404 352 3464 quos
366 3385 406 3445 nii
419 3386 557 3467 pertinet,
567 3386 677 3447 mnium
691 3386 773 3446 dare.
813 3385 893 3445 Hanc
911 3395 958 3446 est
979 3404 1039 3445 ana
1056 3404 1163 3465 magna
1182 3386 1266 3450 labes

162 3476 300 3539 editionis
309 3478 464 3539 Wolfiann
465 3480 599 3551 ,.ιιιιειιι
611 3478 693 3539 rudis
707 3496 743 3539 ea
756 3478 1017 3559 estindigestaque
1033 3480 1137 3551 moles,
1151 3498 1267 3542 merum

161 3570 253 3633 chaos
255 3572 375 3651 ,quod'
365 3582 529 3633 intuentem
541 3572 645 3633 horror
658 3583 689 3631 et
699 3570 850 3632 imtidium
863 3581 998 3651 occupet.
1040 3570 1102 3631 Sed
1114 3582 1160 3632 est
1173 3573 1266 3637 alters

160 3686 220 3727 non
237 3664 343 3747 ieyior.
385 3664 510 3726 Wolfios
525 3674 638 3725 textum
652 3664 863 3727 Demosthenis
881 3663 966 3725 dedit
986 3682 1041 3742 pro
1062 3663 1183 3725 arbitrio
1198 3685 1265 3741 suo,

159 3780 219 3821 non
238 3778 257 3820 e
273 3760 354 3820 libris
369 3759 483 3820 calamo
496 3759 634 3832 exeratis,
649 3778 707 3818 non
728 3776 766 3819 ex
783 3757 910 3838 antiquis
930 3756 1106 3818 editionibus
1124 3759 1265 3821 emenda

159 3866 235 3932 tom,
254 3853 340 3914 sede
355 3852 534 3932 conjecturis
555 3852 626 3924 suis,
647 3850 748 3932 idque,
763 3851 844 3933 quod
855 3851 949 3910 multo
961 3849 1131 3932 pessimum,
1150 3852 1265 3914 lectore

159 3966 220 4007 non
240 3944 400 4007 edmonito.
449 3944 545 4025 Ego'
537 3955 662 4025 ipsemet
683 3963 801 4026 quoqne
822 3962 1030 4022 nonnunquam
1052 3943 1265 4005 Demosthenis

159 4041 322 4101 orationem
344 4040 485 4101 arbitratu
504 4058 572 4100 meo
593 4038 750 4101 constituo.
792 4036 854 4098 Sed
874 4037 924 4097 ubi
942 4036 993 4096 ubi
1006 4036 1093 4111 facio,
1117 4038 1263 4102 admoneo

156 4132 284 4193 lectores
300 4150 368 4191 curn
381 4132 412 4191 in
425 4128 488 4212 ipse
500 4132 597 4192 statim
610 4142 694 4193 texto
704 4129 846 4211 appositis
859 4128 1015 4202 asteriscis,
1024 4129 1074 4210 qui
1087 4130 1213 4193 lectores
1223 4132 1264 4193 de

159 4244 227 4285 mes
248 4222 315 4285 crisi
332 4224 519 4297 admoneant,
535 4222 618 4285 etad
634 4223 838 4284 annotationes
855 4234 971 4283 nostrm
988 4234 1140 4302 receptum
1151 4223 1264 4283 habere

157 4320 301 4398 jubeam
321 4326 384 4377 tum
402 4317 432 4377 in
452 4316 689 4379 annotationibus
706 4334 824 4378 caumas
837 4326 869 4378 et
888 4315 1015 4376 rationes
1028 4314 1262 4387 emendationis,

160 4430 214 4472 seu
228 4411 252 4472 si
268 4410 369 4484 maris,
382 4410 552 4471 mutationis
565 4412 709 4490 cujusque
723 4428 798 4472 ame
812 4410 987 4489 excogitatae
1001 4419 1034 4467 et
1045 4408 1075 4467 in
1087 4418 1198 4469 textum
1212 4406 1265 4468 sd·

19 4520 21 4585 ι
160 4504 258 4565 missoe
280 4522 396 4585 expono
417 4502 702 4578 innnnotntionibus,
713 4512 745 4565 et
753 4500 883 4565 tabidam
900 4501 974 4563 calci
994 4500 1091 4582 operis
1111 4500 1264 4581 subjiciam

203 4625 282 4671 vos.
305 4626 330 4673 1.
707 4628 732 4685 y

19 4198 21 4275 ι
