2984 4917
212 307 280 365 uvi
479 308 655 369 rasurus
677 286 890 368 nsnvnun
911 306 1039 365 nnus.

216 467 285 518 πᾶσι
298 473 415 531 ποιῆσαι
428 464 585 541 καταφανὲς
606 474 655 533 τῆς
675 486 704 521 τε
724 475 776 531 σῆς
796 458 1010 539 καλοκαγαθίας
1023 459 1054 517 τι)
1068 454 1203 537 μόγιθοι,
1217 458 1258 515 ἔτι
1270 456 1301 514 δὲ

216 554 261 608 sul
274 562 321 610 τοῦ
335 549 454 626 βιβλίον
466 558 585 624 rourool,
597 556 706 612 καὶτῶν
726 556 823 611 ἄλλων
836 562 890 611 τῶν
904 551 1141 629 ι’·ιιδοὲησομένιιν,
1153 552 1230 628 einp
1243 552 1300 628 ἄρα

217 668 243 702 τι
257 646 397 720 περιέσται
411 652 468 711 τοῖς
489 650 564 729 νέοις
574 646 692 727 ὄφελος,
707 652 753 705 σοι’
767 668 801 720 γε
814 645 924 711 πάντας
944 648 995 715 τὴν
1009 645 1074 722 περὶ
1088 642 1184 701 τούτου
1196 644 1302 721 προσή.

217 757 273 794 κειν
286 734 381 815 χάριν,
395 740 433 816 τῷ
446 739 521 817 μόνρ
535 738 568 797 τὸ
580 738 667 798 καλὸν
684 749 765 798 τοῦτο
778 740 823 796 καὶ
836 736 974 816 ἕπωριλὲς
992 732 1076 815 ἔργον
1096 734 1301 813 ἔνοτησαμὲνρ.

215 827 256 887 ὅτι
270 828 324 907 μὲν
336 825 443 887 οὖνκαὶ
457 838 516 897 τοῖς
537 838 671 910 παροῦσιν
690 832 858 904 ἀγαπήσεις,
872 831 917 887 καὶ
929 831 1017 907 μόνης
1030 830 1105 905 ἡμᾶς
1120 824 1239 909 ἀποδέξῃ
1251 839 1302 897 τῆς

217 922 382 999 τροθνμίας,
393 918 422 981 sd
435 918 507 995 olio,
525 926 599 999 :irrep
614 924 672 997 ἐγὼ
690 920 721 981 τὸ
741 925 893 1003 φιλόσοφον
913 927 960 979 τοῦ
980 922 1082 997 τρόπον
1100 919 1145 975 rol
1164 918 1197 977 τὸ
1211 940 1302 996 μεγα-

217 1014 320 1091 λόφρον
330 1016 378 1073 olis
392 1016 486 1088 ιἰγνοῶ
499 1015 530 1077 τὸ
545 1018 606 1075 σόν.
618 1016 675 1089 ἐγὼ
689 1014 719 1075 δὲ
735 1014 900 1093 πειράσομαι
911 1014 966 1091 μὲν
979 1014 1023 1068 ἀεὶ
1036 1013 1122 1088 τιμᾷν
1136 1034 1167 1068 σε
1186 1011 1302 1083 τοῦτοις,

218 1100 261 1171 οἷς
280 1105 411 1191 τυγχάνω
430 1105 592 1184 δυνάμενος,
610 1110 633 1165 sl
650 1106 672 1165 h
691 1108 755 1187 clx,
777 1110 816 1173 ὥς
832 1118 976 1182 προσῆκεν,
990 1100 1055 1161 οὐδὲ
1067 1105 1138 1161 rard
1153 1106 1204 1173 τὴν
1219 1103 1304 1172 ἀξίαν

218 1200 267 1267 τὴν
288 1201 351 1269 σὴν,
372 1201 402 1259 τό
422 1222 456 1273 γε
476 1203 518 1276 μὴ’
532 1199 713 1259 παντάπασιν
736 1200 898 1279 ἀχαρίστως
918 1199 995 1276 ἔχιιν
1015 1207 1065 1265 τῆς
1086 1201 1310 1273 γνόμηςπιῑσιν.

117 1376 120 1379 Ι
217 1284 295 1365 οἶμαι
308 1289 427 1369 φανερὸν
441 1298 633 1361 καταστήσειν.
674 1292 786 1369 ippum.

459 1460 707 1555 lOANNES
737 1458 1064 1555 HERVAGIUS

320 1616 325 1623 '
398 1634 626 1691 nurscsnuu
647 1599 906 1693 srrrsnn'nuu
923 1633 1120 1689 srunrosrs

708 1776 732 1813 u.
755 1775 786 1813 D.

227 1896 233 1903 ·
259 1857 457 1921 Qusuuunn
475 1880 520 1919 res
535 1862 595 1939 ipsa
605 1860 710 1918 docere
724 1867 846 1937 poterat,
856 1868 994 1933 quantum
1005 1855 1069 1915 haec
1082 1866 1181 1915 nostra
1194 1856 1304 1915 Demo·

223 1948 331 2008 athenis
351 1948 522 2009 orationum
559 1950 658 2020 editio,
691 1950 808 2028 reliquis
840 1947 1067 2027 omnibusque
1096 1947 1193 2007 adhuc
1220 1946 1316 2032 editse.

125 2074 129 2088 ·
219 2052 297 2115 sunt,
318 2042 497 2107 emendatior
516 2043 573 2101 sit:
596 2041 683 2101 nostri
704 2052 802 2101 tamen
823 2040 949 2099 muneris
963 2050 1017 2109 est,
1031 2039 1154 2109 robis‚o
1174 2038 1304 2109 studiosi,

219 2131 358 2203 indicare,
380 2134 525 2193 undenam
548 2133 725 2212 exemplaria
745 2144 804 2191 tam
826 2132 979 2191 emendata
998 2131 1201 2191 habuerimus:
1222 2150 1260 2189 na
1273 2142 1306 2190 et

219 2224 260 2282 illi
274 2224 376 2283 merita
389 2224 474 2288 laudo
488 2244 604 2287 suorum
614 2228 745 2286 laborum
757 2225 941 2285 fraudentur:
955 2237 986 2284 et
999 2244 1060 2295 vos,
1074 2236 1218 2283 tantorum
1231 2225 1304 2283 viro·

221 2334 284 2373 rum
299 2316 460 2395 nominibus
474 2318 587 2390 auditis,
597 2338 689 2378 rarum
705 2318 813 2397 aliquid
821 2327 909 2397 atque
917 2318 1085 2397 preclarum
1099 2317 1130 2375 in
1142 2317 1305 2405 nostrahac

221 2407 348 2469 editione
362 2426 437 2480 esse,
452 2412 531 2470 nullo
544 2412 630 2471 modo
639 2412 788 2472 dubitetis.
819 2412 920 2471 Solent
929 2410 1005 2470 enim
1019 2429 1066 2468 res
1080 2428 1139 2468 non
1151 2424 1205 2468 sua
1217 2411 1306 2469 modo

220 2501 248 2559 vi
262 2513 293 2561 et
309 2514 421 2573 natura,
437 2504 489 2563 sed
504 2524 567 2563 curn
583 2505 668 2565 etiam
683 2506 719 2565 ab
733 2504 863 2575 artificio,
871 2515 934 2563 tum
947 2503 993 2562 vel
1001 2502 1125 2562 maxime
1139 2502 1176 2560 ab
1189 2502 1306 2562 artificis

221 2592 396 2657 excellentis
409 2604 440 2655 et
460 2598 573 2655 nomine
591 2595 711 2656 laudari.
753 2588 1070 2665 Mirabantur'veteres,
1088 2595 1111 2652 si
1130 2594 1194 2673 quis
1213 2595 1306 2673 Apel-

220 2684 256 2743 lis
268 2686 315 2744 vel
329 2686 469 2746 Zeuxidis
489 2688 615 2748 tabulam
628 2688 820 2748 ostendisset:
835 2700 866 2747 et
878 2708 931 2746 uos
946 2704 1072 2766 quoque,
1082 2685 1106 2745 si
1120 2686 1183 2765 quis
1198 2686 1306 2745 Dureri

222 2778 360 2854 germani,
379 2790 428 2841 aut
443 2780 550 2839 Titiani
573 2780 633 2839 itali
647 2781 790 2860 picturam
809 2790 977 2859 proponat:
997 2787 1129 2837 nontam
1146 2798 1223 2857 sepe
1237 2779 1307 2837 arti·

222 2869 401 2947 ficiicuussa‚
416 2890 501 2952 quam
516 2872 640 2935 artificis.
660 2891 718 2953 qua
740 2874 767 2931 in
788 2894 821 2934 re
842 2891 901 2933 non
923 2870 1047 2932 fallimur
1068 2870 1195 2930 omnino.
1237 2870 1307 2929 Per·

222 2966 317 3043 magni
332 2967 406 3026 enim
421 2967 522 3037 refert,
535 2988 620 3047 quem
635 2969 770 3048 quodque
785 2988 856 3047 opus
867 2979 998 3027 autorem
1011 2984 1070 3045 prae
1083 2984 1115 3023 se
1126 2964 1214 3024 ferat:
1228 2963 1307 3043 quod

222 3060 259 3117 ab
273 3060 484 3118 excellentibus
504 3060 660 3119 artificibus
674 3081 731 3118 non
752 3061 805 3118 uisi
819 3060 958 3138 proeelara
979 3076 1067 3136 opera
1088 3057 1202 3117 soleant
1220 3056 1308 3135 proli·

221 3148 297 3207 uisci.
320 3158 326 3191 '·
355 3150 405 3208 Sic
424 3152 474 3208 ille
493 3161 590 3227 postor
611 3170 669 3209 uon
692 3150 806 3229 ineptus
826 3150 900 3227 apud
914 3147 1160 3226 poetam,pocula
1172 3148 1251 3224 quod
1265 3148 1310 3205 di·

222 3240 278 3298 vini
295 3240 507 3300 Alcimedontis
530 3260 620 3318 opera
633 3252 740 3311 essent,
756 3240 852 3318 magni
873 3237 1007 3297 iacienda
1024 3247 1134 3294 censet.
1182 3235 1262 3303 Quid
1273 3240 1307 3298 ‘si
1355 3247 1360 3255 “

179 3410 183 3418 Ι
221 3332 315 3391 omnin
328 3333 439 3412 reliqua
457 3333 605 3404 accedant,
617 3354 683 3413 quse
694 3334 792 3392 valent
805 3332 844 3389 ad
858 3329 980 3398 laudem,
996 3328 1163 3387 et‘materiss
1183 3330 1307 3404 bouitas,

167 3442 170 3449 ·
222 3436 252 3485 et
264 3424 376 3484 artificii
396 3424 589 3503 pulchritudo,
604 3436 634 3485 et
647 3424 765 3485 artificis
786 3420 959 3503 prestantia,
982 3438 1080 3479 nonne
1099 3430 1161 3481 turn
1179 3422 1309 3503 perlecta

222 3526 253 3575 ct
265 3528 463 3576 consummata
472 3517 534 3577 laus
548 3536 612 3576 esse
622 3515 773 3575 videatur?
813 3513 1009 3581 Quamobrem
1021 3531 1086 3572 cum
1100 3532 1152 3575 nos
1165 3516 1195 3574 in
1209 3527 1309 3577 nostro

222 3609 279 3668 hoc
291 3610 490 3670 Demosthene
506 3608 629 3678 edendo,
640 3609 762 3666 duorum
776 3607 996 3668 clarissimorum
1009 3606 1143 3681 virorum,
1154 3608 1234 3668 Petri
1246 3608 1309 3667 Da·

222 3702 294 3761 nesii
308 3702 396 3771 Galli,
417 3714 447 3762 et
461 3702 606 3761 Vincentii
621 3700 758 3780 Obsopoei
772 3698 920 3769 Germani,
940 3700 1123 3778 exemplaria,
1145 3701 1308 3779 casdgatio·

222 3814 332 3874 neuque
346 3796 439 3855 secuti
454 3796 550 3865 simus,
557 3800 618 3870 jam
632 3793 799 3854 existimare
813 3793 933 3863 debetis,
947 3792 1061 3870 qualem
1076 3794 1157 3853 vobis
1170 3794 1319 3856 exhibea.

222 3904 284 3946 mus
306 3884 684 3956 Demosthenem,‘nitidum
705 3898 795 3958 certe,
815 3896 845 3944 et
865 3884 1022 3943 innumeris
1043 3886 1186 3945 erroribus
1207 3906 1309 3965 repur-

222 3991 330 4057 gatum.
373 3980 476 4057 Neque
490 3978 566 4037 enim
587 3977 651 4037 ullis
672 3988 722 4036 aut
742 3978 894 4047 sumtibus,
916 3967 967 4035 aut
987 3977 1132 4036 laboribus
1153 3978 1307 4056 parcimus,

221 4092 279 4151 quo
301 4071 380 4130 vobis
402 4080 513 4129 veteres
535 4069 598 4129 illos
622 4070 768 4149 utriusque
793 4071 898 4149 lingue
921 4080 1039 4129 autores
1061 4062 1232 4131 cladssirnos
1253 4090 1308 4131 suo

222 4164 340 4245 pristino
356 4163 440 4222 nitori
455 4163 603 4225 restitutos
618 4154 815 4224 exhibeamus.
858 4162 982 4223 Habetis
993 4162 1079 4241 igitur
1094 4156 1122 4222 in
1136 4163 1194 4225 boc
1206 4175 1308 4224 autore

223 4259 319 4318 omnia
339 4256 396 4326 illa,
409 4275 474 4334 quae
490 4256 627 4316 modoad
642 4257 801 4336 perfectam
823 4256 938 4316 laudem
960 4252 1067 4335 requiri
1081 4254 1231 4316 dicebam:
1246 4257 1309 4315 De·

225 4354 402 4411 mosthencm
413 4349 505 4429 ipsum
517 4350 648 4429 primum,
662 4362 692 4411 st
704 4350 755 4409 Dii
767 4350 846 4421 boni,
855 4364 993 4429 quantum
1004 4349 1165 4410 artiliceml
1184 4348 1311 4427 qualem-

224 4445 445 4505 iactatorem?
467 4464 541 4516 eum,
555 4464 640 4525 quem
662 4446 860 4524 aspectabant,
875 4449 956 4521 cujus
977 4445 1015 4505 ob
1031 4462 1064 4503 os
1086 4440 1169 4505 Graii
1188 4456 1242 4502 ora·
1258 4441 1309 4502 ob·
