2984 4917
504 294 565 356 AD
587 292 939 359 DEMOSTHENEM.
1182 296 1267 357 clss'v

164 449 335 520 rusticante,
349 452 392 508 'et
412 448 493 508 libris
511 450 662 511 destituto.
683 451 885 531 pleraque,si
905 450 1122 521 benememini,
1137 450 1166 509 in
1183 461 1269 511 oratt.

166 562 220 621 pro
240 560 353 601 corona
366 554 397 601 et
411 542 449 602 de
462 542 536 603 t'slsa
556 542 647 621 legat.
667 556 830 603 versantur.
851 544 952 604 multae
972 556 1042 605 sunt
1059 554 1162 624 aperte
1174 543 1267 614 fabas,

167 648 379 716 testanurrque'
388 637 598 698 Marklandum
611 640 641 699 in
654 638 860 699 Demosthene
872 639 964 701 fuisse
977 640 1133 719 hospitem.
1150 640 1271 699 tdcanrr

167 730 196 789 in
217 731 412 790 commatibus
433 742 463 791 et
483 732 599 810 punctis
622 744 704 791 recte
724 732 947 815 constituendis.
963 754 1029 814 quaa
1047 754 1095 793 res
1108 732 1197 793 laude
1209 754 1270 794 non

168 832 261 893 cavet,
276 824 497 900 magna'tamen
516 832 547 883 et
559 823 702 902 proeolara
719 824 818 903 palma
830 824 965 903 profecto
984 844 1044 885 uon
1061 835 1117 884 est.
1159 825 1270 904 Taylo·

168 933 248 973 rsnae
268 925 347 973 uotae
365 924 435 974 sunt
454 916 542 975 bonae
554 914 648 993 frugis
670 915 777 994 plenoe.
819 916 881 976 Sed
893 927 1016 996 apparet
1032 936 1100 976 enm
1120 917 1269 977 meliorem

168 1024 234 1065 esse
251 1005 326 1083 juris
347 1006 441 1066 Attici
461 1007 661 1086 interpretem,
676 1007 705 1065 in
720 1026 779 1086 quo
798 1020 915 1087 regnat,
933 1028 1021 1087 quam
1045 1008 1191 1081 criticum,
1215 1030 1270 1070 seu

169 1096 400 1157 emendatorem.
415 1117 473 1176 quo
488 1098 518 1157 in
533 1117 642 1177 genere
662 1118 764 1177 parum
777 1100 866 1169 valet,
881 1108 912 1158 et
933 1119 1019 1178 paene
1041 1101 1272 1160 contemnendus

169 1200 224 1249 cst.
267 1189 355 1249 Notas
375 1190 482 1269 cuique
503 1190 624 1250 orationi
643 1190 738 1249 statim
755 1192 909 1267 subjectae,
924 1192 1076 1251 ordiuntur
1095 1192 1134 1251 ab
1156 1211 1272 1252 enarra·

168 1282 249 1342 tione
262 1292 500 1360 argumentorum
519 1282 638 1362 singulis
651 1283 814 1363 quibusque
827 1284 1007 1344 orationibus
1024 1294 1225 1356 tractatorum,
1240 1296 1271 1346 et

169 1375 207 1434 ab
227 1374 418 1453 indagatione
435 1376 584 1455 temporis,
603 1394 662 1455 quo
676 1377 771 1436 oratio
782 1396 906 1455 queque
920 1378 1021 1437 habita
1036 1388 1091 1436 est.
1133 1378 1195 1437 Sed
1210 1380 1271 1457 ple-

169 1487 269 1546 neque
280 1479 494 1529 consumuntur
507 1469 537 1528 in
548 1468 731 1548 expositione
745 1468 907 1529 lectionum
918 1470 1101 1531 variantium.
1126 1470 1190 1530 Nos
1199 1492 1271 1533 vero

169 1562 314 1621 variantes
334 1562 372 1622 ab
386 1562 621 1621 annotationibus
639 1560 745 1621 nostris
766 1563 972 1641 separavimus,
987 1572 1018 1622 et
1034 1562 1177 1641 peculiari
1197 1564 1272 1625 libro

169 1653 378 1716 conclusimus.
419 1654 515 1715 Miror
535 1653 635 1733 itaque
650 1652 700 1731 qui
712 1653 775 1723 fiat,
789 1662 822 1712 ut
836 1654 946 1733 Taylor
958 1654 1103 1714 interdum
1116 1674 1171 1715 nos
1184 1657 1223 1716 ad
1236 1659 1272 1717 li·

169 1747 254 1805 brum
264 1746 436 1807 variantium
451 1748 579 1826 ableget.
596 1756 628 1805 ut
639 1747 712 1807 iecit
724 1766 755 1825 p.
772 1748 840 1817 148,
853 1749 904 1807 at.
919 1750 989 1817 588,
1004 1751 1055 1807 39.

179 1876 184 1885 ·
209 1838 345 1899 Gratiam
359 1839 458 1919 utique
469 1858 605 1917 magnam
619 1838 646 1899 ei
661 1838 812 1905 debemus.
826 1839 950 1898 multum
968 1838 1101 1918 profecit,
1114 1838 1223 1899 bonum
1239 1854 1270 1903 et

170 1930 286 1994 firmum
301 1931 376 2007 jecit
398 1931 632 2003 fundamentum,
657 1931 705 1991 cui
729 1942 797 2010 post
814 1931 964 1991 venientes
984 1942 1195 2011 superstruant.
1238 1934 1270 1994 Si

169 2024 264 2087 ninus
278 2024 443 2103 perfectura
460 2024 529 2103 quid
547 2024 640 2096 dedit,
663 2026 765 2103 ecquis
783 2045 858 2086 unus
881 2026 1009 2085 omnium
1030 2026 1139 2085 hocin
1160 2046 1271 2105 genere

170 2116 334 2195 perfectum
349 2116 420 2195 quid
434 2118 539 2177 enixus
553 2118 623 2177 est?
645 2117 730 2177 Viam
751 2118 932 2179 monstravit.
974 2118 1045 2178 Hoc
1057 2118 1125 2177 satis
1148 2118 1270 2180 adma-

170 2230 257 2288 gnam
265 2210 459 2289 stabilemque
473 2210 607 2289 gloriam.
629 2210 695 2288 Ego
708 2210 782 2290 ipse,
792 2230 966 2290 quamquam
976 2212 1079 2283 multo,
1092 2230 1180 2290 quarn
1191 2213 1270 2293 Tay-

170 2303 222 2375 lor,
233 2304 367 2383 processi
374 2304 624 2383 longina-optime
639 2313 737 2363 tamen
747 2304 826 2376 novi,
836 2322 924 2383 quam
933 2304 1058 2365 multum
1066 2304 1162 2384 operis
1172 2305 1271 2368 allecti

170 2396 337 2475 reliquerim
358 2396 422 2456 aliis
435 2394 658 2475 perficiendum.
676 2414 735 2455 una
752 2396 904 2456 hominum
924 2407 996 2457 aetas
1017 2404 1107 2457 tantas
1126 2397 1168 2457 rei
1189 2418 1271 2477 pera·

170 2488 276 2566 gandae
289 2487 370 2548 haud
384 2487 499 2550 sufficit.
540 2486 641 2547 Dictio
657 2487 774 2569 Taylori
792 2488 885 2548 latina
903 2488 984 2549 baud
1002 2489 1113 2569 placet.
1131 2492 1270 2567 obscura,

170 2580 316 2653 affecmta,
334 2580 437 2660 putida
450 2592 505 2641 est.
548 2580 610 2639 Sed
622 2598 731 2659 paucos
749 2581 817 2641 novi
829 2581 952 2660 Anglos,
973 2581 1023 2660 qui
1039 2581 1129 2642 latine
1142 2584 1271 2644 scribere

170 2670 348 2733 didicissent.
388 2672 504 2733 Latina
519 2671 627 2751 lingue
637 2673 791 2751 neglectus
804 2674 846 2731 illi
860 2673 943 2751 genti
956 2674 1120 2734 communis
1133 2687 1189 2736 est.
1231 2677 1272 2737 Et

170 2776 270 2825 moran
292 2764 412 2844 Taylor,
431 2764 455 2825 si
477 2766 516 2825 ad
535 2766 606 2825 alios
623 2765 738 2843 Anglos
760 2777 919 2844 spectetur,
939 2766 1036 2826 adhuc
1058 2768 1137 2827 bene
1159 2768 1271 2829 scribit.

171 2855 282 2915 Melius
295 2856 319 2915 si
333 2856 437 2917 scisset
450 2857 551 2927 latine,
563 2876 643 2935 saepe
656 2876 716 2916 non
729 2856 923 2936 vituperasset
933 2856 1088 2927 woldam,
1106 2878 1193 2935 quem
1202 2860 1272 2922 ideo

168 2948 351 3009 solummodo
375 2968 507 3028 persepe
530 2949 722 3009 vehementer
750 2950 893 3029 exaptat,
919 2949 998 3028 quod
1023 2949 1144 3009 latinam
1171 2950 1272 3013 Wolfii

171 3039 340 3113 dictionem,
353 3040 393 3117 (si
406 3040 506 3101 Wolfii
527 3052 582 3113 est,
597 3060 693 3120 neque
711 3041 809 3129 potius
830 3042 991 3103 Sabastiani
1007 3041 1192 3114 Castalionis,
1208 3056 1273 3105 ato

169 3132 270 3209 quanti
284 3132 336 3193 viri
349 3132 379 3191 in
395 3132 509 3209 judicio
522 3133 684 3209 latinitatis)
698 3135 807 3193 bonam
819 3145 852 3195 et
865 3135 1011 3214 propriam
1022 3135 1086 3214 ipse
1099 3156 1158 3195 non
1171 3136 1274 3196 intelli-

170 3234 264 3301 geret.
307 3224 512 3305 Reprehendit
524 3246 589 3304 quae
603 3226 751 3287 budanda
763 3227 852 3288 ctiam
866 3238 973 3300 essent,
988 3238 1019 3289 et
1029 3247 1137 3307 gnatia
1149 3231 1272 3311 quisque

169 3320 257 3378 bonae
271 3318 420 3379 latinitatis
435 3320 593 3380 admiratus
608 3330 694 3381 esset.
737 3320 772 3380 ln
791 3320 1010 3400 antiquitatibus
1023 3323 1211 3383 enucleandis
1226 3337 1273 3385 est

169 3410 290 3471 nimium
303 3412 435 3489 sedulus,
450 3412 528 3473 ultra
547 3411 666 3473 modum
682 3412 827 3492 copiosus,
845 3414 943 3474 aliena
962 3424 992 3475 et
1012 3416 1132 3493 protrita
1152 3415 1281 3495 ingerit,

170 3522 228 3561 non
243 3502 307 3563 sine
320 3504 489 3579 jactatione.
530 3504 599 3563 Non
610 3504 679 3565 satis
693 3505 774 3565 trivit
786 3506 994 3583 grammaticos
1004 3516 1035 3567 et
1048 3507 1211 3569 rhetoricos
1224 3530 1273 3569 ve·

170 3595 502 3655 teres.Demosthenem
521 3595 686 3675 quibusque
708 3596 823 3675 paginis
843 3598 1007 3662 laudantes.
1049 3597 1119 3659 Non
1139 3599 1209 3658 satis
1229 3602 1273 3659 in·

168 3697 298 3747 structus
308 3698 372 3749 erat
382 3688 473 3767 copiis
486 3687 647 3747 lexicorum
661 3686 885 3750 rhetoricorum.
926 3691 1002 3755 Quae
1015 3708 1083 3749 curu
1095 3690 1125 3749 in
1141 3690 1270 3771 Tayloro

167 3794 250 3853 noto,
270 3784 348 3842 bene
361 3782 480 3842 memini
493 3780 598 3841 eadem
613 3800 697 3859 paene
712 3779 780 3839 mihi
799 3781 972 3860 exprobrari
985 3800 1081 3860 posse.
1121 3782 1189 3861 Ego
1201 3804 1272 3846 vero

168 3894 268 3955 neque
281 3875 444 3954 perfectum
458 3874 528 3953 quid
542 3872 682 3953 profiteor
699 3873 905 3952 praestiturum,
923 3885 954 3934 et
967 3872 1111 3946 festinavi,
1126 3886 1157 3936 et
1177 3895 1196 3936 a
1213 3876 1271 3936 lor·

167 3979 248 4029 tunsa
261 3968 402 4046 presidiis
419 3967 577 4027 derelictus
591 3984 664 4036 sum,
680 3976 711 4025 et
729 3966 787 4026 alio
806 3966 913 4038 habeo,
928 3986 995 4045 quas
1014 3986 1164 4029 excusem.
1206 3970 1270 4029 Sed

170 4079 271 4140 pergo.
305 4061 440 4139 Persape
463 4060 526 4119 sine
547 4076 636 4119 causa
655 4058 765 4117 bonurn
779 4058 921 4117 Wolfium
941 4059 1052 4137 Taylor
1065 4059 1152 4130 ridet,
1173 4073 1271 4134 vexat,
1394 4088 1406 4099 .

170 4153 315 4232 exagitat,
330 4154 475 4233 objurgat,
490 4152 570 4232 quod
585 4151 734 4230 diligentia
747 4151 943 4232 paedagogica
956 4154 1077 4212 oratoris
1090 4152 1170 4212 locos
1184 4174 1270 4233 quos-

170 4247 238 4307 darn
252 4244 423 4317 enuclearit,
437 4245 517 4303 velut
530 4243 654 4303 nutrices
669 4243 764 4323 pueris
778 4244 876 4303 omnia
888 4244 1008 4303 minima
1018 4263 1119 4304 mansa
1135 4244 1166 4302 in
1179 4263 1212 4304 os
1226 4246 1271 4305 in·

170 4350 285 4417 gerunt.
300 4338 360 4398 Sed
374 4358 411 4398 ea
425 4337 576 4417 diligentia
589 4336 667 4396 utilis
683 4346 713 4396 et
726 4338 944 4416 pernecessaria
956 4348 1011 4409 est,
1020 4349 1052 4397 et
1061 4337 1126 4415 plus
1137 4338 1270 4415 prodest,

168 4450 257 4511 quam
270 4430 458 4512 supercilium
471 4428 665 4509 aliorum,'qui
678 4428 747 4491 dum
761 4429 922 4509 elegantias
933 4429 1031 4490 nescio
1042 4448 1114 4508 quas
1123 4428 1271 4495 abstrusas
