2984 4917
242 358 327 405 cxxx
502 335 559 397 10.
580 333 774 396 TAYLOIII
795 330 1130 395 PROLEGOMENA

246 492 307 575 περὶ
322 496 493 575 ανμμοριοῖν,
507 492 611 575 primu,
627 512 716 576 quam
728 490 840 567 habuit,
853 490 967 555 conclu.
988 490 1080 554 Dion.
1092 488 1136 552 H.
1169 487 1295 551 Rectius
1305 487 1350 562 ‘tn-

246 586 426 649 scriberetur
446 586 508 667 τερί
527 583 699 661 βασιλικῦν,
713 597 747 645 ut
760 584 887 667 Dionys.
900 582 1001 645 Halic.
1013 594 1046 645 ot
1058 582 1150 645 Dem.
1163 581 1202 643 dc
1217 582 1351 643 Rhodio·

244 698 310 742 rum
324 678 469 739 libertate.
510 676 627 738 Bellum
641 678 796 739 Phocense
810 677 871 739 sive
883 697 1001 738 sacrum
1019 678 1141 758 Olymp.
1156 674 1239 737 cvi.
1260 680 1290 737 2.
1302 674 1351 735 Eo

248 787 382 855 tempore
395 772 527 833 nondum
535 772 573 833 ad
582 792 673 853 remp.
679 773 817 834 acoessit.
826 771 865 853 de
875 790 995 833 corona.
1016 770 1065 831 Ad
1078 770 1219 851 populum
1225 769 1353 852 primum

249 869 341 931 verba
360 866 483 939 faciens,
498 864 557 925 risu
573 865 719 947 excipitur
731 876 764 927 et
777 864 915 937 tumultu,
930 865 969 925 ob
982 862 1168 925 imolentiam
1180 861 1352 942 pronuncia·

249 960 347 1033 tionis,
369 957 452 1019 vocis
477 956 722 1029 imbecillitatem,
745 957 855 1037 linguae
879 956 1028 1038 ὀιᾶρειαν.
1063 955 1212 1017 Plutarch.
1226 954 1354 1013 intrim

251 1053 309 1115 His
323 1054 493 1112 tadoorest.
514 1054 679 1132 νεωτερίζων
692 1062 751 1111 etc.
791 1048 969 1122 Ἀοῐλητίον
981 1069 1035 1128 pro
1047 1046 1236 1120 Ἀσκλήπιον.
1269 1046 1353 1109 Plut

250 1148 289 1209 de
304 1146 342 1206 X.
356 1154 431 1206 orat.
440 1162 551 1205 noram
563 1142 828 1222 pronuntiationem
841 1140 983 1203 effecum
995 1143 1034 1203 ab
1045 1140 1159 1201 Athen.
1173 1138 1353 1218 exagitatur.

254 1238 320 1301 Cic.
340 1238 371 1297 in
391 1244 517 1296 oratore.
557 1232 734 1315 l'lpooehddru
755 1238 846 1293 πάλιν
866 1238 908 1301 είς
934 1237 985 1301 τὰς
1005 1233 1165 1306 ἐκκλησίας,
1187 1235 1355 1311 νωτεριιὸς

146 1336 153 1351 ’
252 1356 316 1393 τινα
333 1332 437 1406 ily-m,
461 1326 611 1407 διεσύρετο,
635 1330 673 1395 ὥς
694 1325 899 1408 κωμῳδηθῆναι
919 1325 1005 1385 αίιτὸν
1027 1326 1072 1385 ὑπ’
1092 1322 1284 1403 Ἀντιφάνους
1307 1324 1356 1381 rrul

252 1424 438 1505 Τιμοιλίοος.
467 1418 617 1481 Plutarch.
637 1418 755 1479 obviam
773 1417 872 1479 iactus
892 1417 1021 1500 quidam,
1034 1416 1086 1497 qui
1100 1416 1248 1477 Periclem
1268 1413 1355 1474 audi·

252 1517 352 1585 visset,
365 1513 406 1575 eit
419 1511 613 1573 Demostheni
626 1510 782 1593 contigisse
803 1510 965 1572 orationem
980 1509 1122 1570 Periclem
1134 1509 1269 1570 similem.
1281 1506 1357 1568 nihil

254 1628 328 1689 ergo
358 1604 580 1686 desperandum.
635 1604 772 1664 Similiter
795 1602 902 1675 evenit,
927 1612 962 1663 ut
983 1601 1140 1683 Euripides
1166 1600 1356 1661 Timotheum

256 1704 452 1783 συριττόμενον
470 1699 516 1759 ἐπὶ
537 1702 571 1782 τῇ
595 1697 775 1776 καινοτομία,
796 1698 842 1755 καί
854 1702 1031 1775 παρανομεῖν
1045 1697 1086 1762 είς
1098 1698 1150 1766 τὴν
1163 1697 1298 1775 μαντικὴν
1310 1691 1356 1751 do·

255 1799 368 1863 κοῦντα,
393 1790 512 1870 &oppidu
535 1790 690 1847 ἐκέλευσεν·
711 1789 750 1853 uic
770 1788 873 1863 ὀλίγον
890 1789 994 1867 χρόνον
1015 1786 1047 1846 τὸ
1071 1784 1193 1863 θέατρον
1211 1786 1257 1845 rirr'
1279 1787 1357 1863 αίιτᾷ

255 1887 457 1964 γενησόμενον.
478 1879 610 1941 Pluton
632 1879 696 1939 seni
710 1890 771 1939 etc.
811 1876 1009 1937 Moerorinde
1025 1889 1058 1937 et
1071 1878 1197 1938 tristitia.
1239 1876 1356 1938 Condr-

254 1988 352 2038 matur
365 1976 402 2036 ab
418 1974 555 2033 Eunomo
569 1983 601 2033 et
616 1970 731 2051 Satyro.
773 1969 924 2030 Eunomus
939 1968 1027 2049 quis?
1058 1968 1180 2049 Satyrus
1196 1978 1227 2028 et
1238 1967 1358 2028 Andro·

60 2144 68 2163 Ι
214 2140 217 2151 ,
254 2070 350 2139 nicus,
372 2066 535 2128 histriones.
579 2063 701 2145 Satyrus
711 2062 913 2143 Theogitonis,
922 2062 1127 2123 Marathonius
1140 2062 1253 2123 hintrio.
1294 2062 1357 2121 Lu·
1469 2053 1473 2061 ’

127 2178 128 2183 ’
254 2160 332 2221 cion.
346 2158 492 2239 Necyom.
501 2157 538 2217 T.
551 2158 577 2218 l.
588 2177 617 2237 p.
629 2161 699 2219 836.
741 2155 837 2237 Satyri
850 2156 996 2218 histrionia
1009 2155 1078 2217 lilius
1098 2154 1230 2237 captive.
1265 2155 1356 2215 Dam.

256 2278 288 2315 ιτ.
302 2276 430 2335 ταρατρ.
454 2250 569 2311 Schott.
591 2248 892 2331 adOlymp.CV111.
916 2254 944 2310 l.
975 2248 1170 2310 Andronicus.
1220 2248 1378 2327 Ideoque·

255 2346 319 2427 ipse
343 2355 403 2405 tem
425 2342 579 2423 diligenter
602 2342 683 2423 apud
705 2341 910 2403 Andronicum
933 2340 1104 2403 histrionem
1126 2343 1247 2409 studuit.
1268 2354 1357 2403 ut·-

258 2435 494 2505 Quintilliis.
523 2434 627 2495 Cicero
651 2445 681 2495 et
701 2434 838 2496 Roscius.
887 2433 1011 2514 Satyrus
1034 2434 1134 2494 histrio
1157 2434 1260 2495 recitet
1278 2452 1358 2515 qua·

258 2530 327 2590 dam
343 2526 496 2609 Sophodllt
510 2538 541 2589 et
555 2526 713 2607 Euripidis,
729 2526 799 2587 ὅσθ’
812 2528 888 2594 ι’ίλινο
909 2528 1010 2606 ἑτέραν
1023 2526 1201 2606 Δημοσθένει
1221 2532 1357 2609 φανῆναι.

258 2608 396 2683 Αόιίοοὶο
410 2621 463 2681 vis.
481 2620 557 2681 ·Cic.
572 2619 633 2681 111.
653 2620 691 2681 de
707 2630 827 2681 oratore
872 2610 920 2679 Ex
941 2639 1003 2698 quo
1026 2619 1096 2680 satis
1119 2619 1305 2698 significarit.
1326 2618 1358 2679 in

258 2714 342 2776 Orat.
357 2712 480 2780 Quintil.
491 2713 533 2774 11.
549 2712 603 2775 ult.
618 2712 704 2773 Phot.
718 2734 747 2793 p.
761 2718 831 2775 803.
846 2711 925 2774 Bibl.
936 2712 1004 2772 vat.
1017 2712 1104 2773 Max.
1114 2712 1204 2773 v111.
1215 2718 1264 2774 10.
1277 2712 1360 2794 quid·

256 2830 326 2871 nam
342 2818 421 2870 esset
434 2807 463 2867 in
477 2806 604 2869 dicendo
618 2806 848 2867 efficacissimum
870 2805 1022 2886 respondit
1040 2808 1058 2876 ἡ
1072 2808 1224 2887 ὑπόκρισις.
1237 2804 1357 2884 -quid

255 2904 280 2965 si
302 2904 399 2983 ipsum
421 2898 683 2963 audissetis.-in
705 2898 909 2960 Demosthene
929 2916 1036 2977 magne
1057 2916 1124 2976 pars
1149 2898 1359 2960 Demosthen'm

259 2990 352 3068 abest,
373 2993 454 3074 quod
478 2991 585 3071 legitur
608 2992 714 3071 potius,
737 3010 824 3070 quam
843 2990 971 3051 auditur.
1023 2990 1139 3051 Rhetor
1161 2991 1358 3053 nobilissimus

259 3108 327 3150 cum
339 3087 537 3166 interrogatus
558 3093 614 3155 est,
628 3083 699 3163 quid
712 3081 740 3142 ei
753 3082 877 3163 primum
889 3081 1038 3142 rideretur
1049 3082 1082 3141 in
1096 3082 1272 3163 eloquentim
1285 3104 1360 3165 prm·

259 3180 354 3261 ceptis
378 3174 526 3238 observari
552 3186 698 3255 oportere,
727 3172 999 3254 pronunciationem
1030 3174 1139 3236 dicitur
1164 3177 1360 3256 respondisse.

260 3274 337 3333 Cum
359 3277 550 3349 quereretur,
575 3264 645 3348 quid
669 3265 811 3334 secundo,
839 3264 964 3325 eandem
988 3268 1270 3347 pronunciah'onem.
1290 3270 1362 3351 quid

259 3364 358 3433 tertio,
372 3360 444 3421 nihil
458 3358 546 3430 aliud,
559 3377 646 3437 quam
667 3356 937 3439 pronunciationem
961 3358 1081 3421 dixisse.
1104 3361 1234 3441 August.
1248 3382 1295 3445 ep.
1307 3368 1360 3426 56.

258 3458 300 3519 ad
313 3454 499 3517 Dioscurum.
540 3450 700 3530 Something
712 3452 749 3531 ιμ’
761 3453 817 3510 tiit
828 3452 891 3510 rur'd
901 3451 940 3530 <ff
946 3452 1047 3529 Lysiae
1066 3455 1097 3513 ιἰι
1110 3454 1255 3516 Plutarch.
1295 3457 1362 3518 Iso·

260 3560 336 3612 crat.
349 3566 391 3608 or.
405 3544 443 3605 ad
457 3544 633 3623 Philippum.
643 3543 771 3623 Dionys.
785 3544 824 3603 de
831 3542 908 3625 stylo
918 3544 1037 3605 dicendi
1045 3545 1135 3608 Dem.
1150 3548 1362 3610 Demostheni·

261 3665 339 3716 cum,
349 3640 430 3723 quod
443 3650 490 3699 ter
503 3637 627 3718 primurn
640 3636 689 3698 ille
709 3637 838 3699 volebat.
852 3639 966 3700 Annon.
980 3659 1085 3701 comm.
1098 3642 1222 3722 profess.
1245 3643 1362 3707 Burde-

262 3738 322 3817 gal.
365 3734 436 3795 Sine
448 3732 507 3791 hac
517 3730 661 3812 [actione]
675 3748 807 3792 summus
827 3741 925 3793 orator
944 3752 1011 3793 esse
1028 3732 1058 3793 in
1075 3754 1198 3797 numero
1211 3736 1294 3798 nullo
1306 3760 1363 3819 po·

261 3838 333 3900 tert,
346 3824 503 3886 mediocris
523 3822 579 3883 hac
600 3821 758 3885 instructus
779 3844 908 3885 summos
926 3844 1007 3907 sepe
1019 3845 1168 3906 superare.
1208 3828 1292 3890 Ηοία
1304 3832 1366 3913 pri·

260 3940 324 3982 mas
338 3918 455 3979 dedisse
468 3915 687 3977 Demosthenes
701 3915 819 3987 dicitur,
832 3936 901 3977 cum
919 3928 1082 3997 rogaretur,
1096 3918 1165 3998 quid
1184 3919 1216 3981 in
1234 3920 1364 3987 dicendo

264 4023 342 4075 esset
356 4009 495 4081 Primum,
509 4008 580 4069 huic
593 4008 751 4079 secundas,
765 4007 835 4069 huic
848 4009 959 4070 tertias.
1002 4009 1099 4071 Cicer.
1110 4010 1170 4071 111.
1181 4012 1220 4073 de
1233 4026 1364 4091 oratore,

263 4105 345 4169 etde
359 4102 453 4162 claris.
467 4110 575 4163 orator.
617 4100 779 4181 Siquidem
792 4112 824 4161 at
837 4100 1066 4174 Demosthenes,
1080 4103 1149 4183 quid
1162 4116 1242 4167 earet
1254 4106 1285 4168 in
1298 4118 1366 4174 toto

263 4196 381 4262 dicendi
395 4212 484 4275 opere
496 4193 622 4273 primum
642 4192 851 4273 interrogatur,
873 4194 1101 4276 pronuntiationi
1124 4198 1251 4279 palmam
1270 4203 1366 4279 dedit,

264 4293 417 4370 eidemque
435 4286 597 4347 secundum
617 4304 654 4345 ac
667 4286 786 4347 tertium
799 4286 908 4358 locum,
923 4288 1020 4349 donec
1034 4289 1072 4348 ab
1086 4308 1123 4351 eo
1142 4292 1234 4371 qureri
1247 4294 1366 4359 desine.

264 4396 319 4459 ret,
339 4395 373 4444 nt
390 4400 455 4441 eam
475 4376 567 4439 rideri
589 4388 701 4457 posset,
722 4398 784 4440 non
806 4380 996 4461 proecipuam,
1020 4380 1075 4441 sed
1094 4383 1186 4444 solam
1204 4386 1366 4462 judicans.

265 4477 389 4549 Quintil.
403 4472 460 4535 xl.
475 4477 504 4535 8.
518 4472 604 4533 mirre
618 4490 663 4529 ree
677 4492 759 4533 nore.
802 4472 979 4533 Memorium
994 4476 1194 4553 pronuntiatio
1214 4493 1367 4559 sequetur,
