2984 4917
207 285 319 348 suxis
438 288 711 351 ro.rlruoa1
736 272 1070 352 raourcosssru

209 450 312 525 pupius
325 444 440 513 drrstisc
455 446 631 523 πέμψαντος,
645 450 690 506 καὶ
703 454 843 523 γενναίως
863 452 916 520 τὴν
933 447 1096 526 περίστασιν
1106 435 1204 526 ‘pipere
1215 470 1310 526 supu-

209 543 373 611 καλοῦντος,
388 542 435 597 καὶ
447 548 516 609 πῶς,
538 541 600 619 ἔφη,
616 540 738 619 &vapos
756 546 795 621 μὴ
808 540 962 601 λυπεῖσθαι
974 540 1103 609 scandens
1116 538 1249 616 πατρίδος
1263 538 1309 598 lx·

208 628 401 709 βαλλόμενος,
424 632 456 690 ἓν
472 626 530 716 pici
550 630 730 704 ἀδικηθέντες
751 636 796 693 καὶ
816 638 1026 714 προσωφελοῦσι
1044 633 1111 698 roric
1132 629 1307 697 ddtrodrruc.

208 722 319 783 Antou.
333 732 363 782 et
378 722 463 782 Max.
477 742 564 783 serm.
579 720 668 785 VIII.
682 725 734 785 fin.
776 727 845 787 llcc
859 726 969 787 dictum
984 724 1033 785 alii
1047 723 1240 784 Demostheni
1255 724 1307 784 tri·

207 814 431 895 buuntinfuga.
447 816 597 876 AEschinss
609 817 709 877 Rhodi
719 817 851 879 scholam
860 818 983 899 speruit.
1006 816 1124 876 &holte
1133 815 1306 879 Rhodiacae.

207 908 287 969 Plut.
301 908 381 967 Suid.
393 908 422 966 iu
437 908 525 967 Phot.
535 908 565 967 iu
577 908 667 969 Dem.
681 930 711 990 p.
723 916 794 973 804.
817 910 967 971 Maximus
976 909 1192 987 Gncmolcgus.
1214 909 1306 970 Hunc

207 1000 311 1061 exulis
322 1000 475 1079 delegerat
485 1000 593 1061 locum.
614 1002 736 1068 Quintil.
751 1004 827 1066 XII.
843 1009 891 1066 10.
912 1002 1112 1063 Thefouuder
1122 1000 1157 1061 of
1162 1000 1212 1060 the
1221 1000 1307 1061 Rho-

207 1093 359 1165 dionides,
372 1094 495 1174 Aliquid
502 1094 607 1172 gentis,
618 1094 727 1174 aliquid
735 1096 872 1167 auctoris,
880 1096 1016 1156 hetaecn
1022 1093 1102 1153 Attic
1109 1094 1169 1154 sud
1179 1094 1305 1155 Asiatic.

206 1184 283 1247 lbid
295 1186 421 1247 omniuo.
464 1187 555 1247 Suam
568 1188 729 1249 orationem
743 1188 870 1249 Rhodiis
882 1187 965 1267 legit,
982 1185 1123 1267 postridie
1136 1184 1305 1246 demosthe-

206 1279 312 1339 nicum.
327 1282 355 1339 η’
366 1280 395 1339 dd
409 1284 433 1339 ei
448 1284 533 1339 αὑτοῦ
545 1286 593 1339 τοῦ
608 1279 716 1359 θηρίου.
728 1280 805 1341 Plin.
818 1280 861 1341 II.
871 1280 928 1360 Ep.
937 1285 967 1342 3.
976 1289 1008 1339 et
1021 1278 1075 1339 IV.
1088 1284 1119 1340 6.
1142 1279 1238 1340 Cicer.
1246 1277 1306 1339 III.

204 1372 368 1432 decretor.
383 1371 459 1431 Plin.
473 1372 543 1432 Vll.
558 1378 608 1435 90.
629 1372 728 1435 Valsr.
743 1373 931 1435 Man-VIII.
947 1376 995 1433 10.
1005 1393 1036 1452 p.
1048 1371 1119 1436 897.
1135 1370 1305 1431 Philostsst.

205 1464 293 1525 Phot.
302 1464 332 1523 iu
344 1463 492 1537 AEschine,
505 1466 626 1531 Quintil.
641 1466 696 1527 XI.
711 1472 740 1529 9.
755 1492 805 1547 ox.
821 1465 931 1545 Scalig.
942 1464 981 1526 sd
990 1488 1021 1524 s.
1032 1488 1159 1544 ποραπρ.
1177 1464 1304 1525 Hieron.

204 1558 225 1617 l.
235 1562 266 1620 2.
282 1556 339 1635 Ep.
350 1560 380 1617 9.
390 1556 493 1619 select.
508 1558 594 1621 Phot.
604 1580 633 1638 p.
647 1564 698 1623 29.
710 1560 760 1621 ed.
772 1558 933 1621 Hoeschel.
948 1558 1026 1617 Plut.
1036 1556 1067 1617 in
1078 1557 1117 1615 X.
1128 1556 1236 1618 rhetor.
1245 1556 1306 1617 dis·

201 1649 321 1710 simulat
338 1649 496 1711 orationem
514 1650 604 1713 Dem.
625 1654 674 1713 ah.
693 1652 831 1714 &chine
847 1652 938 1712 faiam
961 1649 1127 1710 recitatam.
1169 1648 1216 1710 'I'o
1229 1640 1304 1709 'tslrs

204 1762 258 1804 cur
267 1742 351 1803 leave
361 1744 397 1803 ol
409 1743 575 1805 AEschines.
590 1744 710 1826 Olymp.
725 1744 839 1807 cxlv.
855 1749 882 1804 l.
896 1742 1045 1805 concessit
1059 1742 1189 1815 Samum,
1200 1753 1233 1803 et
1242 1761 1304 1803 non

202 1835 253 1897 diu
263 1848 330 1916 post
338 1836 410 1898 obiit
423 1856 500 1897 anno
510 1848 559 1897 aet.
572 1840 624 1902 75.
637 1838 753 1899 Febris.
764 1837 824 1897 Vit.
837 1836 941 1898 AEsch.

243 1929 364 2009 Olymp.
378 1929 491 1991 CXIII.
502 1933 533 1990 9.
561 1940 612 1990 rat.
626 1930 715 1990 Deru.
731 1934 782 1993 55.
803 1929 962 2011 Harpalus,
976 1929 1095 1991 relictus
1111 1940 1230 2011 satrapa
1243 1931 1302 1991 Bs-

201 2023 326 2104 hylnnin,
341 2023 412 2083 dum
424 2021 634 2083 Alexanderin
647 2022 762 2083 Indiam
774 2022 933 2108 profectus,
948 2023 1014 2101 ejus
1032 2022 1128 2083 reditu
1143 2021 1303 2103 desperato

201 2116 397 2197 voluptatibus
417 2125 448 2177 et
468 2116 591 2176 luxuriae
610 2136 643 2177 se
663 2116 759 2177 tradit.
800 2116 934 2177 Reverso
955 2127 1054 2176 sutem
1078 2116 1228 2195 Harpalus
1242 2114 1300 2177 sihi

201 2220 344 2280 metuens,
356 2209 520 2269 convasatis
534 2208 662 2289 quinqua
679 2210 856 2270 talentorum
869 2209 996 2269 millibus
1008 2208 1196 2289 (iucredrhile
1210 2208 1305 2284 dictu)

203 2300 340 2362 Athenas
362 2300 452 2363 venit.
492 2300 656 2363 Decretum
679 2301 899 2363 Demosthenis.
915 2301 954 2361 de
980 2301 1114 2381 Harpalo
1139 2320 1201 2361 non
1227 2299 1304 2361 reci·

201 2394 319 2477 plaudo.
360 2394 510 2475 Harpalus
523 2396 553 2454 in
569 2395 689 2458 Cretam
702 2396 830 2475 navigat.
857 2394 1222 2455 luterflcitanhiIoreuns
1230 2395 1301 2454 Ma·

201 2488 288 2547 cedo.
329 2487 402 2563 Ejus
433 2488 526 2548 litero
554 2488 593 2551 ad
620 2489 732 2550 Athen.
763 2489 803 2548 ds
833 2487 968 2568 pecuniis
995 2486 1175 2566 Harpalicis.
1217 2488 1300 2547 Nihil

199 2579 230 2639 iu
249 2580 283 2641 iis
304 2581 342 2641 de
357 2580 569 2655 Demosthene,
592 2582 709 2643 tametsi
727 2593 792 2641 eret
806 2580 977 2641 Alexandro
996 2591 1028 2641 et
1043 2579 1207 2641 Philoxeno
1227 2580 1303 2641 infe·

200 2671 359 2739 atissimus.
375 2672 543 2734 Pausanias.
572 2674 657 2734 Calir
671 2674 780 2754 regius.
793 2677 883 2735 socos
893 2676 959 2750 hya
969 2700 978 2745 ς
990 2677 1048 2747 ὄξει
1063 2697 1108 2734 σοι
1122 2676 1164 2735 90
1177 2673 1299 2734 talenta.

200 2764 270 2826 Non
285 2765 414 2845 Augias,
432 2765 487 2827 sed
506 2766 682 2845 Argentina.
715 2767 812 2827 Aliter
826 2765 941 2826 Gellius
956 2764 1011 2826 XI.
1031 2770 1060 2827 9.
1075 2784 1104 2825 s.
1125 2774 1157 2825 et
1171 2764 1227 2825 XI.
1248 2770 1297 2826 10.

199 2858 270 2920 Non
284 2859 404 2921 audietis
419 2880 497 2933 eum,
513 2860 563 2941 qui
585 2858 725 2940 poculum
743 2858 852 2919 habeti
872 2858 953 2919 Plus
994 2858 1069 2919 Cum
1084 2857 1173 2918 Polus
1194 2858 1297 2919 histrio

199 2952 329 3025 dixisset,
343 2954 366 3013 si
387 2952 476 3014 hiduo
490 2954 634 3013 talentum
648 2951 764 3032 agendo
783 2951 929 3012 lucratum
942 2948 1043 3024 fuisse,
1057 2961 1089 3011 st
1109 2971 1178 3030 ego,
1196 2950 1299 3030 inquit,

198 3045 287 3107 unico
302 3046 349 3105 dis
363 3046 488 3106 tacendo
501 3047 613 3108 talenta
625 3047 765 3127 quinque.
787 3044 866 3107 Plut.
881 3046 918 3103 X.
933 3044 1024 3107 Rhet.
1046 3044 1161 3106 Gellius
1174 3045 1217 3107 ait
1230 3046 1300 3104 Ari·

196 3138 359 3209 studemus,
377 3156 438 3199 non
451 3138 550 3199 Polus.
572 3138 794 3199 Aristodemum
806 3136 975 3199 histrionem
996 3138 1151 3217 tragicum,
1164 3139 1299 3199 maximis

198 3231 238 3291 dc
251 3231 336 3291 rebus
345 3230 428 3309 pacis
443 3250 479 3291 ac
492 3230 562 3291 belli
572 3232 703 3310 legatum
714 3230 753 3291 ad
765 3229 934 3310 Philippum
945 3228 1140 3291 Athenienses
1153 3250 1233 3312 crepe
1245 3231 1301 3290 mi-

198 3336 308 3387 seruut.
350 3323 458 3385 Cicero
471 3323 576 3403 fragm.
589 3325 656 3387 libri
669 3330 700 3386 4.
714 3325 754 3385 de
767 3324 846 3403 hiep.
861 3323 950 3384 Dem.
965 3333 996 3384 et
1009 3324 1114 3385 AEsch.
1129 3350 1160 3383 s.
1173 3348 1299 3407 soposp.

199 3417 315 3479 Gellius
326 3416 381 3479 XI.
396 3422 426 3479 9.
440 3416 479 3477 ad
490 3416 673 3478 Milesiorum
686 3433 814 3489 causam,
827 3416 858 3478 in
868 3436 928 3497 qus
940 3416 1030 3477 Dcm.
1045 3416 1173 3496 quinque
1183 3418 1301 3479 talentis

196 3510 343 3574 silentium
355 3531 441 3571 suum
454 3511 595 3573 vendidit.
609 3532 648 3573 ex
661 3511 793 3573 Critolao
807 3511 888 3573 Hist.
900 3529 960 3571 non
972 3511 1095 3571 adhunc
1110 3510 1300 3591 Harpalicsru

198 3603 386 3683 questionem
400 3604 502 3675 refert,
516 3615 547 3666 et
560 3605 692 3684 proximo
705 3605 795 3667 etiam
808 3604 906 3684 capite
921 3603 1052 3664 Demadi
1064 3603 1166 3665 tribuit
1181 3623 1219 3663 er
1233 3622 1299 3665 orn·

196 3698 277 3759 acne
291 3698 327 3759 G.
341 3698 551 3779 Gracchique
563 3700 662 3778 legem
674 3698 811 3760 Aufeiam
825 3698 970 3759 dissuasit.
1011 3697 1153 3759 Dinarchi
1162 3699 1194 3758 in
1208 3698 1297 3759 Deru.

197 3790 290 3853 oratio
304 3792 342 3851 dc
360 3791 492 3871 pecuniis
507 3790 684 3872 Harpalicis.
726 3792 924 3854 Athenienses
937 3790 1023 3852 veriti
1040 3810 1080 3852 ne
1097 3793 1234 3872 pecunias
1251 3810 1299 3852 ra·

196 3884 306 3945 tionem
318 3884 443 3945 reddere
457 3895 638 3957 tenerentur,
656 3886 758 3946 domos
776 3898 925 3946 oratorum
938 3896 1166 3965 perscrutantur.
1188 3885 1298 3947 Demo·

195 3977 313 4041 sthenes
330 3976 513 4058 plebiscitum
533 3978 644 4049 scribit,
658 3988 692 4038 ut
705 3980 899 4059 Areopagitae
918 3997 957 4039 ea
969 3978 1009 4038 de
1028 3997 1061 4039 rs
1075 3989 1251 4057 quererent,
1267 3990 1299 4039 et

196 4071 296 4133 affines
310 4072 407 4151 culpae
420 4072 566 4151 punirent.
607 4072 790 4153 Hyperides.
809 4070 952 4151 Pytheas,
973 4070 1226 4145 Menesoechmus,
1241 4070 1299 4131 Hi·

195 4184 332 4245 sneraeus,
353 4162 476 4225 Proclu's
495 4164 624 4245 quinque
644 4174 829 4227 accusatores
842 4165 882 4225 de
899 4164 1031 4244 pecuniis
1051 4164 1147 4245 Harp.
1167 4164 1256 4225 Phot.
1268 4164 1300 4225 in

197 4260 284 4321 Dcm.
296 4268 326 4321 et
338 4258 503 4340 Hyperide.
544 4257 709 4330 Patroclus,
719 4277 781 4319 non
795 4257 928 4328 Procius,
942 4257 1021 4319 Plut.
1041 4256 1081 4317 de
1094 4257 1134 4317 X.
1148 4267 1223 4317 crat.
1237 4257 1300 4319 De-

195 4352 364 4415 mosthenes
387 4350 540 4415 damnatus
563 4371 583 4412 a
602 4352 725 4415 concilio
746 4351 968 4433 Areopagitica
1009 4350 1061 4411 Lis
1084 4350 1301 4431 quinquaginta

196 4444 313 4507 talentis
329 4446 482 4509 estimato.
520 4444 557 4507 lu
568 4464 719 4511 carcerem
734 4442 1066 4527 commemorarunt
1082 4440 1224 4523 pudorem
1239 4442 1298 4507 cri·
1347 4462 1351 4469 ·
