2984 4917
380 284 443 346 An
464 281 587 348 SUUM
607 285 831 349 nnmosrtr.
851 283 1066 351 Pensm.
1210 285 1273 351 xlii

185 454 242 521 qna
261 438 391 501 nielles
404 440 442 498 ad
462 438 686 501 ostentationem
698 442 752 510 uti,
771 438 858 497 αιιίιιιί
876 442 921 498 oui
941 436 1121 500 conscientia
1132 438 1192 501 non
1204 458 1273 503 con·

184 544 294 601 tentus,
304 531 367 609 ipae
376 548 482 587 nomen
493 541 575 588 tunm
586 548 686 608 posses
699 526 815 590 tradere
828 530 975 591 memoriae
988 532 1174 610 posteritatis.
1214 532 1275 594 Ne·

181 644 240 703 quc
254 623 287 682 i'd
307 621 410 681 miram
423 618 513 680 rideri
526 620 625 681 debet.
666 621 750 683 Solet
766 623 845 682 enim
862 624 893 683 in
912 622 997 683 claris
1013 624 1127 685 familiia
1138 624 1275 705 vigorati

183 719 352 779 durature
372 730 437 775 esse
450 710 550 790 major'.
591 712 710 775 Deinde
722 716 870 776 accedunt
889 716 947 777 alia
966 714 1273 789 commoda'liberalia
1382 762 1387 772 ,

180 810 331 883 educatio,
352 805 455 869 erudit
475 804 682 887 preceptores,
696 804 881 890 tranquillum
894 809 995 882 σιίιιιιι,
1012 814 1126 887 justum
1141 806 1273 872 discendi

182 905 320 986 spatium,
334 900 508 981 optimorum
523 898 660 961 librorum
674 900 778 981 copia:
797 920 865 980 quse
875 920 983 981 magna
995 920 1031 961 ex
1044 912 1127 982 parte
1141 904 1273 979 homines

182 994 287 1059 tennes
300 994 470 1057 destituunt.
492 1012 530 1055 ac
541 994 662 1075 proinde
676 996 926 1056 commiseratione
937 996 1032 1077 potins
1045 1014 1132 1076 quam
1145 998 1272 1059 insectm

182 1093 263 1153 tione
277 1088 398 1169 dignum
408 1098 462 1158 cst,
472 1088 497 1147 si
510 1084 615 1167 quibus
624 1086 741 1169 ingenia
753 1088 884 1150 liberalia
897 1089 1092 1169 contigerunt,
1106 1109 1142 1150 ea
1150 1091 1272 1151 fortunae

181 1184 336 1265 iniquitate
348 1177 438 1243 veluti
451 1180 636 1241 sordescere:
656 1180 686 1241 in
700 1192 783 1246 taum
795 1184 956 1263 presertim
969 1182 1118 1243 contemtu
1131 1183 1272 1243 bonerum

180 1280 337 1346 literatum,
350 1285 381 1335 et
392 1282 587 1349 mecenatum,
597 1274 647 1356 qui
660 1290 710 1337 eas
723 1274 850 1347 foveant,
864 1276 1020 1357 paucitate.
1060 1278 1128 1343 Quo
1138 1286 1171 1336 tu
1184 1275 1272 1337 etiarn

181 1374 323 1451 majorem
336 1366 454 1429 landem
463 1368 591 1441 mereris,
610 1368 726 1428 Ioannou
740 1369 762 1427 1
761 1372 839 1429 scobe
852 1368 989 1449 Poggcre,
1003 1367 1053 1449 qni
1066 1379 1171 1448 proeter
1183 1368 1272 1429 bene

182 1462 333 1524 licentiam
345 1456 513 1521 inlumines
522 1456 642 1521 afflictos
656 1470 687 1519 ct
694 1460 813 1521 miseros
822 1461 1017 1541 qnotidianam
1031 1461 1093 1541 (qui
1106 1460 1271 1521 verissimus
1369 1515 1372 1520 ⁴

184 1566 218 1617 et
231 1552 500 1632 Deo-gratissimus,
512 1553 614 1632 generi
630 1546 794 1613 mortalium
806 1552 972 1615 utilissimus
986 1552 1147 1614 divitiarum
1160 1552 1271 1615 fructus

184 1658 249 1709 est:
271 1657 302 1705 et
321 1662 377 1706 una
395 1646 632 1707 stabiliendorum
654 1642 797 1726 o'pum,ot
815 1646 855 1705 ad
874 1658 1004 1725 posteros
1020 1646 1270 1726 propagandarum

182 1737 345 1799 lirmbnima
364 1736 450 1815 ratio)
472 1739 635 1817 complures
657 1738 822 1816 ingeniosos
842 1737 1045 1799 adolescentes
1061 1739 1103 1817 (id
1122 1739 1201 1818 qnod
1223 1758 1271 1799 res

180 1852 265 1913 gum,
286 1843 317 1891 et
341 1830 512 1911 principum,
535 1830 738 1893 el·ciritatum
758 1850 862 1891 munus
884 1830 940 1907 est)
960 1832 1019 1891 tuis
1041 1831 1182 1891 sumtibus
1207 1851 1268 1891 non

180 1926 269 1987 modo
282 1925 312 1984 in
327 1923 495 1997 Germania,
508 1924 562 1985 sed
575 1926 604 1985 in
618 1924 723 1985 Galliis
737 1921 836 1999 etiam,
849 1938 879 1985 et
895 1924 987 1997 italio,
1005 1924 1131 2003 benigne
1144 1923 1226 1983 fores
1239 1935 1271 1983 et

181 2016 424 2089 sustentandum
446 2016 749 2079 summumdoctrinae
772 2019 893 2098 modum
916 2028 1115 2097 assequantur.
1154 2016 1270 2096 inquo

181 2108 412 2173 laudatissimum
426 2109 589 2189 exemplum
602 2110 736 2169 Renunds'
748 2113 848 2191 patris,
861 2121 893 2172 et
905 2110 1023 2170 Antonii
1034 2108 1129 2190 potem
1143 2110 1196 2180 tui,
1211 2110 1270 2169 cla·

180 2204 357 2265 rissimorum
378 2202 516 2273 virorum,
536 2202 685 2281 sapienter
706 2204 841 2264 imitarier
863 2204 911 2281 qni
929 2215 1038 2283 preter
1059 2212 1169 2263 cetera
1186 2220 1271 2263 orna·

179 2308 288 2367 menta,
303 2296 408 2376 quibus
421 2294 551 2354 abundat
571 2295 773 2357 honestissima
782 2308 880 2356 vestra
891 2295 1009 2371 familia,
1028 2295 1219 2357 immortalem
1232 2314 1270 2357 es

182 2408 214 2449 re
226 2388 349 2467 gloriam
371 2386 426 2445 sibi
441 2397 625 2466 pepererunt.
646 2442 649 2449 .
668 2388 737 2446 Non
757 2388 835 2447 enim
846 2389 971 2467 ingrate
984 2400 1165 2459 suntmnsae,
1178 2408 1270 2468 quan·
1356 2421 1358 2424 ·
1484 2413 1485 2422 ι

181 2499 267 2560 quem
279 2481 360 2540 orbae
374 2489 404 2538 et
413 2479 553 2539 indotalae
567 2479 673 2558 puellae
685 2479 847 2551 videantur,
856 2480 903 2539 vel
913 2480 1071 2541 cultoribus
1080 2482 1126 2540 vel
1140 2481 1269 2560 patronis
1312 2484 1319 2491 '

180 2573 248 2645 suis,
262 2572 318 2633 sed
331 2582 468 2648 utrosque
480 2571 605 2631 honesta
617 2570 694 2631 fama
708 2580 738 2630 et
750 2571 873 2630 nominis
886 2573 1025 2633 memoria
1037 2573 1212 2652 sempiterna
1224 2594 1271 2635 re·

180 2675 378 2724 munerantur.
420 2664 495 2729 Qum
508 2662 628 2742 praemia
639 2662 689 2741 qui
702 2659 871 2734 contemnit,
886 2674 935 2723 aut
947 2664 1028 2744 parvi
1041 2663 1123 2736 facit,
1137 2684 1204 2725 eum
1216 2678 1269 2727 sut

180 2756 354 2818 celsitudine
369 2754 456 2815 animi
470 2754 538 2815 Deo
552 2754 735 2827 simillimum,
746 2764 798 2815 aut
808 2754 1035 2833 abjectissimum
1044 2756 1190 2818 bominem
1204 2778 1269 2820 esse

181 2869 304 2911 neccsse
316 2858 371 2909 est.
412 2846 467 2907 Me
480 2846 596 2927 quidem
616 2847 646 2905 in
666 2848 765 2907 multis
779 2848 977 2917 incommodis,
991 2860 1022 2909 et
1034 2850 1168 2929 malignis
1184 2851 1270 2913 indu·

181 2944 262 3003 ttrite
275 2960 348 3001 mere
361 2960 397 2999 ac
412 2938 523 3001 miseris
535 2939 669 3019 premiis,
684 2960 742 2999 non
752 2958 854 3019 pamm
867 2941 911 3015 (ut
923 2940 1060 3019 ingenue,
1070 2943 1150 3021 quod
1162 2944 1268 3017 sentio,

183 3032 288 3111 fatear)
300 3032 467 3093 consolatur
480 3052 558 3111 spes,
571 3032 651 3111 quod
664 3030 750 3092 valde
764 3032 895 3112 suspicor
905 3032 969 3093 fore
978 3033 1014 3110 (si
1024 3052 1083 3113 qua
1095 3034 1183 3095 modo
1193 3035 1268 3098 fides

183 3126 269 3189 asnis
288 3124 353 3202 est),
368 3136 402 3184 ut
424 3124 512 3185 etiarn
535 3134 601 3204 post
619 3124 729 3186 obitum
752 3145 800 3185 me
821 3125 944 3187 honeste
957 3125 1061 3187 vixisse
1079 3134 1227 3208 appareat,
1238 3141 1270 3191 et

179 3238 240 3281 non
252 3212 429 3297 transegisse
445 3216 533 3276 vitam
550 3218 593 3294 (ut
615 3216 743 3278 Sallustii
756 3218 852 3277 verbis
870 3222 948 3295 utar)
960 3215 1041 3280 more
1059 3222 1193 3300 pecudist
1215 3223 1269 3284 sed

179 3327 283 3373 eorum
294 3310 448 3380 bonorum,
468 3328 535 3389 quse
555 3310 585 3368 in
597 3310 657 3370 vita
676 3312 963 3391 humanaprrecipua
974 3323 1042 3373 mot
1054 3313 1122 3387 (etsi
1140 3313 1170 3372 in
1190 3328 1268 3376 iisse¹

178 3403 299 3485 quendo
313 3402 458 3462 fortunam
477 3402 601 3461 babeam
621 3419 720 3480 parum
740 3403 916 3482 propitiam),
931 3402 1045 3481 ιίιιιιιίι
1058 3417 1090 3465 et
1106 3402 1268 3485 sapientiae,

179 3496 269 3557 fuisse
282 3489 451 3555 studiosum.
492 3494 615 3561 Quodsi
629 3512 690 3553 rem
700 3512 770 3554 vere
780 3496 1009 3571 consideremus,
1016 3496 1148 3559 homines
1161 3500 1267 3561 eruditi

180 3590 271 3668 (quod
280 3588 317 3647 ad
327 3588 404 3645 hanc
414 3585 531 3664 quidem
544 3586 610 3645 vitm
623 3596 733 3664 perlem
744 3588 860 3663 attinet)
872 3606 1049 3649 nummorum
1061 3591 1151 3651 ιιιὶιιιι
1163 3605 1267 3672 regum

179 3680 339 3761 potentiam
353 3689 502 3757 ruperant:
523 3696 644 3757 quorum
659 3680 751 3739 omnis
764 3682 912 3752 memoria,
932 3682 986 3742 nisi
1000 3703 1018 3742 a
1031 3682 1125 3745 doctis
1138 3686 1268 3746 celebra·

178 3784 288 3844 rentur,
302 3792 363 3831 uno
373 3770 502 3831 alterove
516 3772 555 3831 ad
569 3786 711 3831 mmmom
726 3772 827 3832 seculo
839 3772 970 3833 funditus
981 3775 1123 3835 interiret.
1157 3779 1267 3843 Quam·

179 3866 279 3927 obrem
299 3864 440 3943 praeclare
462 3866 617 3944 Virgilius:
640 3862 755 3924 Vivitur
777 3866 904 3944 ingenio,
924 3879 1031 3929 caetera
1050 3871 1151 3930 mortis
1171 3882 1268 3933 erunt.

176 3957 378 4017 Laudabiliter
399 3957 486 4016 etiam
504 3968 546 4029 tu,
567 3958 685 4017 Ιοαιιιιιι
703 3958 811 4028 loccis,
830 3970 919 4037 atque
940 3961 1016 4021 adeo
1032 3964 1125 4023 omnis
1138 3965 1265 4044 splendi-

178 4049 300 4109 dissima
311 4048 480 4127 Fuggerunn
490 4048 611 4121 familie,
625 4050 673 4130 qui
688 4070 746 4109 non
765 4051 893 4111 contenti
907 4054 1019 4113 ceteris
1034 4058 1268 4129 eminentiam

177 4153 247 4205 sunt
264 4135 447 4220 nnplissimtc
460 4160 531 4221 opes
552 4154 614 4202 toto
632 4154 775 4203 temetum
795 4145 867 4205 orbe
886 4146 1026 4218 celebres,
1040 4148 1269 4209 affinitatesillu·

177 4246 264 4307 anes,
277 4252 454 4299 summorum
472 4232 634 4314 principum
646 4236 792 4309 amicitie,
805 4248 896 4318 atque
908 4240 987 4320 apud
1004 4240 1068 4300 illos
1081 4242 1147 4301 telis
1160 4242 1268 4301 autori&

175 4340 232 4399 nas,
247 4338 285 4387 ιιι
294 4344 349 4386 roe
364 4327 404 4387 ad
420 4326 648 4406 gravimimatum
668 4340 766 4389 terum
783 4330 1010 4393 deliberationes
1022 4334 1188 4404 adhibeant,
1201 4344 1268 4415 qimi
1384 4402 1387 4407 ,

176 4420 385 4483 toreumatis
398 4420 504 4501 largita
517 4432 571 4494 ost,
586 4417 679 4483 solida
688 4422 777 4484 etiam
787 4434 818 4486 et
830 4425 988 4505 peculiaris
1000 4436 1095 4486 restra
1105 4428 1183 4486 bona
1196 4446 1267 4488 coa·

220 4530 297 4575 von.
318 4532 342 4575 r.
737 4536 761 4593 g

822 4702 839 4753 i
