2984 4917
97 293 98 298 '
219 308 326 371 sterni
558 307 721 369 rnrsru
744 303 976 369 ramssrro

221 463 283 524 iido
296 463 463 543 impostore,
481 423 571 524 iubos
585 481 689 522 numos
707 482 726 524 a
746 483 780 524 se
791 485 888 536 cusos,
901 463 977 526 falsa
989 462 1074 543 signs
1085 480 1105 523 a
1116 481 1150 524 se
1162 437 1250 535 sesa
1264 483 1322 543 pro

220 557 297 616 veris
310 555 434 633 antiquis
447 555 628 627 venditante,
641 555 732 614 illudi.
774 558 842 636 Ego
855 577 926 618 sero
939 557 1029 616 bomo
1041 555 1178 635 simplex,
1193 557 1322 638 antiquie

183 632 192 645 ⁸
216 648 301 719 fidei,
321 648 346 706 si
366 646 438 726 quid
457 647 516 706 tale
538 657 629 726 patro,
654 646 770 708 sublata
791 669 867 710 voce
888 649 1000 710 clamo:
1026 649 1091 707 Hac
1115 651 1247 708 adestote.
1270 651 1322 708 hoc

221 759 308 798 meum
316 747 368 808 est,
379 739 426 796 hoc
440 737 580 816 olimfuit.
591 747 712 814 spectate
726 761 805 813 ausc,
820 750 848 800 et
859 743 973 818 probate
986 749 1079 800 utrum
1090 742 1228 800 mutuum.
1257 739 1320 800 Mi-

220 840 300 892 seret
318 849 366 890 me
386 830 533 888 hominum
556 830 658 890 nescio
677 831 841 909 ignarisene
854 831 950 892 dicam
968 851 1008 892 sn
1030 831 1203 903 calliditatis,
1219 833 1268 912 qui
1281 851 1322 892 ex

221 941 259 983 eo
278 921 428 1000 gloriolam
449 931 579 1000 captent,
594 922 619 980 si
632 933 780 982 vetustum
800 924 919 1003 aliquod
937 924 1105 1002 exemplum
1125 922 1251 984 auctoris
1268 923 1323 983 ali·

222 1019 307 1094 cujus
320 1015 398 1094 typis
413 1033 553 1074 excusum
566 1033 633 1074 cum
647 1015 838 1095 typographis
850 1016 881 1075 in
893 1034 997 1076 manus
1010 1015 1159 1076 dedissent
1171 1016 1319 1076 recuden-

98 1171 99 1174 ,
221 1109 303 1179 dum,
317 1107 432 1167 tametsi
450 1125 509 1165 non
519 1107 770 1184 recognovissent,
783 1118 881 1168 tamen
893 1127 1001 1168 nomen
1014 1126 1099 1166 suum
1118 1107 1319 1186 proscribant,

221 1201 350 1262 editores
363 1219 396 1260 se
410 1207 524 1277 gerant.
565 1197 703 1270 Mentiris
717 1199 848 1279 quisquis
862 1219 904 1271 es,
919 1200 969 1278 qui
989 1199 1149 1258 emtoribus
1167 1196 1211 1258 sic
1227 1197 1321 1281 impo-

219 1293 275 1352 nis.
315 1291 420 1351 Editor
433 1303 466 1350 tu
479 1307 539 1348 nou
552 1309 594 1360 es,
609 1289 662 1350 sed
674 1301 777 1352 auctor
788 1290 868 1350 fuisti
883 1291 1066 1371 typographo
1079 1291 1249 1363 recudendi,
1264 1311 1317 1352 no·

218 1403 287 1444 men
300 1392 382 1442 tuum
391 1379 558 1460 bibliopolae
567 1381 733 1456 vendidisti,
747 1403 806 1462 quo
816 1383 986 1444 vendibilior
994 1400 1077 1442 merx
1089 1394 1211 1443 recocta
1223 1395 1314 1446 esset.

220 1475 394 1555 Typotbetes
412 1477 537 1548 majores
559 1472 719 1534 habeamus
740 1475 875 1536 editionis
895 1473 1046 1551 ejusmodi,
1061 1492 1149 1555 quam
1166 1475 1231 1545 tibi,
1253 1493 1319 1554 grs-

220 1567 286 1628 tiss.
327 1565 433 1625 Editor
450 1565 475 1624 is
496 1564 613 1624 demum
632 1577 687 1639 est,
701 1567 762 1647 qui,
783 1567 864 1627 nulla
881 1567 986 1626 ductus
1003 1566 1176 1626 auctoritate
1188 1567 1320 1646 quamvis

219 1659 316 1738 magni
331 1657 462 1728 nominis,
472 1668 586 1717 textum
600 1657 639 1718 ad
653 1661 886 1721 membranarum
900 1671 931 1718 et
944 1659 1179 1738 primigeniarmn
1193 1677 1211 1719 e
1223 1678 1316 1719 mem·

219 1751 318 1812 branis
331 1751 483 1810 ductarum
502 1749 662 1811 editionum
675 1751 764 1812 fidem
776 1753 986 1831 veritatemque
997 1761 1126 1823 revocet,
1140 1761 1171 1811 et
1184 1751 1235 1812 ubi
1248 1750 1316 1812 brea

218 1843 393 1906 adminicula
405 1842 540 1902 mnsndis
559 1843 632 1902 vitiis
645 1843 725 1903 bsud
745 1844 896 1915 subiciant,
916 1852 979 1905 tum
999 1843 1119 1904 demum
1136 1844 1173 1904 ab
1193 1843 1314 1925 ingenio

218 1946 270 1998 aut
280 1955 346 2009 suo,
360 1944 412 1996 aut
422 1933 527 2005 steno,
543 1953 602 2014 qua
613 1945 693 2014 pote,
708 1940 794 2016 opem
810 1945 899 2015 petat

609 2291 737 2359 SEG'I'.
762 2293 911 2359 XXIV.

298 2476 355 2536 De·
365 2477 471 2536 votione
484 2475 674 2536 Dessostlsem's
685 2497 700 2536 e
713 2479 912 2555 conparatione
924 2497 986 2538 cass
999 2479 1061 2538 aaa
1074 2478 1231 2538 auctoribus

683 2584 848 2641 eumdasds'.

258 2763 324 2824 San
339 2783 424 2842 paene
438 2761 544 2823 oblitus
565 2779 645 2822 eram
659 2762 757 2839 fontis,
771 2763 820 2840 qui
835 2781 909 2822 unus
920 2762 1017 2823 adbuc
1037 2773 1172 2842 superest
1184 2781 1312 2830 corname-¹

216 2857 381 2927 momndus‚
396 2855 475 2914 unde
489 2855 702 2914 Demosthenes
716 2850 868 2914 emendari*
884 2865 992 2934 potest.
1033 2855 1181 2914 ductores
1198 2853 1228 2913 hi
1241 2865 1311 2914 sunt

215 2959 338 3019 veteres,
352 2947 592 3030 grammaticique
612 2957 644 3006 et
663 2946 876 3026 lexicographi,
892 2947 1100 3006 Demosthenis
1115 2945 1198 3006 locos
1211 2947 1311 3025 sepis-

215 3044 287 3111 sime
309 3041 493 3100 excitantes„
522 3039 565 3097 Hi
585 3049 653 3097 sunt
675 3038 833 3117 Dionysius
856 3038 1133 3110 Halicarnassensis,
1155 3038 1307 3110 Aristides,

215 3136 387 3202 Athenaeus,
402 3132 617 3208 Hermogenes,
633 3140 664 3188 et
677 3148 778 3189 omnes
788 3133 852 3208 ejus
861 3131 1035 3210 interpretes
1047 3141 1172 3202 veteres,
1187 3131 1310 3210 Etyma·

214 3219 299 3305 logus
320 3237 351 3284 et
369 3235 444 3282 totus
463 3234 539 3300 grex
558 3221 789 3291 scholiastsrusn,
809 3222 985 3292 criticorum,
1002 3223 1214 3301 philologorurn
1227 3234 1310 3290 vete2

214 3339 289 3379 rum.
331 3317 454 3390 Fontem
468 3316 547 3374 hunc
561 3332 726 3392 quanquam
740 3314 905 3374 adhucdum
920 3315 1001 3375 adire
1014 3315 1084 3373 mibi
1097 3334 1149 3394 per
1162 3315 1310 3392 angustias

214 3411 354 3490 temporis
372 3409 499 3486 aliasque
514 3425 599 3466 curas
612 3425 671 3465 non
691 3405 786 3476 licuit,
799 3407 926 3480 (tametsi
939 3407 1016 3466 baud
1028 3406 1224 3486 perfunctorie
1239 3406 1310 3466 Dio·

213 3503 328 3584 nysium
344 3500 634 3561 Halicarnassensenr
647 3507 678 3556 et
690 3497 849 3556 Aristidem
862 3518 930 3557 cunr
943 3498 1142 3558 Demosthene
1156 3498 1307 3575 contendit

156 3657 157 3664 ,
213 3609 244 3658 et
258 3613 432 3677 quamquam
445 3592 593 3670 ingenium
612 3589 681 3649 mibi
703 3601 838 3651 enatura
850 3591 971 3669 contigit
991 3591 1028 3650 ab
1047 3590 1107 3649 hoc
1126 3609 1235 3668 genere
1247 3589 1312 3648 diii·

213 3689 321 3769 gentiae
335 3687 502 3752 abhorrens,
518 3683 598 3762 quod
617 3683 647 3741 in
667 3683 839 3754 lectitando,
853 3695 884 3742 et
897 3682 1066 3742 annotando
1079 3692 1111 3740 et
1124 3681 1308 3742 conferendo

212 3784 287 3842 inter
303 3799 337 3840 se
350 3779 433 3838 locos
447 3775 555 3836 similes
569 3775 715 3844 cerniturr
739 3785 771 3834 et
790 3793 963 3853 quamquam
977 3774 1043 3833 fons
1056 3772 1106 3831 hic
1119 3791 1205 3851 pene
1223 3772 1307 3833 ines·

212 3875 334 3938 haustus
348 3879 403 3939 est,
418 3878 450 3926 ut
462 3867 676 3943 contentionem
690 3866 875 3926 humerorum
889 3866 1004 3946 quotvis
1018 3865 1066 3924 vel
1086 3864 1308 3926 fortissimorum

211 3979 311 4027 tumen
331 3961 446 4022 vincere
465 3959 609 4030 videatur,
633 3957 745 4018 etiamsi
765 3957 816 4019 diu
834 3969 987 4036 noctuque
1006 3956 1069 4016 sine
1092 3955 1306 4036 intermissione

210 4057 291 4117 illinc
303 4053 454 4113 hauriant:
477 4051 554 4110 dabo
567 4061 664 4110 tamen
679 4068 798 4129 operam
811 4049 842 4107 in
854 4060 977 4128 utroque
991 4049 1075 4120 libro,
1088 4057 1120 4108 et
1132 4047 1305 4108 variantium

209 4149 381 4217 lectionum,
394 4155 425 4204 et
439 4143 718 4203 animadversionum
731 4161 872 4213 mearum,
889 4153 922 4200 ut
935 4141 1023 4200 etiam
1035 4140 1115 4199 hunc
1128 4139 1236 4198 fontem
1251 4159 1305 4200 ne·

209 4262 270 4324 que
282 4241 441 4320 ignorasse,
455 4255 551 4315 neque
566 4234 709 4295 devitasse
723 4246 776 4293 aut
793 4231 1047 4313 insuperbsbuisse
1060 4233 1170 4302 ridear,
1189 4235 1306 4295 tametsi

208 4352 344 4414 magnam
358 4328 509 4390 materiam
530 4327 614 4405 hujus
634 4327 750 4406 generis
770 4327 964 4408 postventuris
982 4326 1119 4386 intactam
1134 4324 1310 4404 relinquam.

208 4421 439 4490 Demosthenem
460 4421 550 4494 edere
570 4441 625 4502 pro
645 4421 787 4501 dignitate
807 4420 861 4502 rei,
881 4420 1005 4501 perinde
1025 4429 1112 4500 atque
1128 4419 1304 4496 Homerum,
