2984 4917
368 364 426 425 AD
449 364 569 429 SUUM
591 366 815 435 DEMOSTH.
837 368 1057 432 PRAEFATT.
1214 370 1261 435 xlv

165 530 324 601 missar,
338 540 397 586 non
412 521 491 600 vulgi
505 521 669 601 applausus,
680 522 728 603 qui
742 521 865 588 multum
887 524 1027 599 aJ‘udicic
1039 525 1190 605 doctarum
1202 522 1261 589 dis·

162 616 250 686 sidet,
265 614 442 681 anemius:
466 626 563 677 tamen
577 628 610 680 ut
623 616 673 677 ills
682 617 746 696 ipsa
754 618 853 678 Venus
866 617 957 679 multo
969 618 1048 681 houd
1061 618 1149 681 dubie
1157 617 1261 681 fumus

164 707 412 777 admirabilionsi
434 726 536 772 munus
559 709 647 771 etism
667 720 698 769 et
718 710 808 788 pedes
829 728 865 773 ac
886 721 993 773 csersra
1015 711 1144 773 membra
1163 708 1261 775 omnis

163 800 227 881 ptri
239 800 392 867 suberete
405 799 528 864 artificio
542 800 754 867 accessissent:
775 802 819 866 sic
833 820 869 863 ee
880 822 996 881 quoque
1009 801 1174 880 eloquentia
1186 803 1261 867 tntil-

163 902 195 960 tp
215 891 407 971 praestabilior
420 900 475 965 nst,
492 912 559 971 qum
573 912 630 953 noo
645 894 825 959 dimidiatam
838 896 980 956 duntaxat
1001 895 1261 959 elocutionem-ha·

163 984 228 1056 bes,
238 985 296 1051 buc
310 994 366 1055 est,
378 985 533 1051 uerborum
547 995 578 1046 et
591 987 801 1051 sententiarum
822 998 1001 1057 ornamenta,
1015 989 1069 1049 sed
1088 989 1259 1067 perfectum,

163 1096 232 1154 quse
245 1076 397 1141 sententiis
406 1087 439 1143 et
451 1078 628 1155 argumentis
642 1078 755 1141 ratione
774 1080 897 1143 inventis
918 1091 1008 1159 atque
1021 1080 1122 1141 ordine
1136 1082 1261 1143 colloca·

164 1169 211 1243 ιἐ,
224 1188 283 1231 non
298 1180 393 1233 mutas
405 1170 514 1249 figuras
527 1171 684 1244 literarum,
699 1172 754 1235 sed
767 1194 881 1249 uocem,
895 1176 1014 1247 cultum,
1028 1184 1142 1254 gestum
1155 1184 1188 1233 at
1198 1194 1266 1234 mm·

166 1272 227 1329 turn
240 1263 329 1327 totius
348 1262 474 1341 corporis
488 1264 673 1328 unificicsum
685 1277 716 1327 et
726 1267 891 1342 decentem,
904 1268 1108 1330 accommodat
1119 1279 1151 1327 et
1162 1268 1263 1346 sdjua-

166 1355 219 1435 git.
261 1356 368 1435 Neque
379 1357 447 1419 hnc
460 1357 490 1419 in
504 1358 679 1421 orationibus
701 1360 799 1429 modo,
822 1362 874 1421 sed
894 1362 925 1421 in
944 1362 1086 1442 poematis
1105 1361 1203 1432 eham,
1223 1379 1262 1423 ac

167 1448 262 1509 multo
283 1449 383 1526 magis,
403 1449 593 1513 animadvers·
613 1463 742 1531 possunt.
785 1454 938 1533 Virgilium
951 1456 1028 1515 enim
1042 1458 1088 1533 (ut
1106 1475 1165 1514 non
1178 1455 1261 1535 igno·

167 1538 236 1603 bilis
250 1540 427 1619 grammatici
447 1542 544 1605 verbis
558 1545 632 1619 ntur)
651 1546 857 1622 pronumune
876 1547 1002 1607 maxima
1015 1546 1160 1608 suauitate
1179 1566 1264 1607 acce·

167 1630 275 1711 pimus,
291 1642 321 1693 at
334 1632 409 1695 miris
421 1634 593 1701 lenociniiss
615 1654 651 1697 ao
670 1635 784 1697 Julinm
804 1638 948 1719 quendem
967 1639 1140 1699 Montanum
1161 1639 1262 1699 dicere

166 1724 295 1795 solitum,
318 1724 510 1789 inuolaturum
537 1746 570 1789 se
594 1728 729 1807 quasdam
752 1729 885 1807 Virgilio,
903 1730 928 1789 si
950 1740 1093 1790 atrocem
1107 1742 1263 1809 paraenet

166 1838 208 1887 os,
223 1828 255 1881 et
266 1817 457 1897 hypocrisim.
492 1820 620 1883 Eosdem
635 1820 711 1883 enim
725 1840 825 1882 versus
840 1842 877 1883 eo
891 1822 1110 1901 pronunciante,
1125 1824 1202 1884 bene
1212 1844 1262 1885 so-

166 1928 251 1974 nores
272 1909 336 1975 sine
355 1910 416 1982 lilo,
430 1911 594 1975 inarescere
608 1914 690 1992 quasi
704 1926 810 1976 mutos.
852 1914 932 1981 Quid
943 1919 1004 1993 jam
1018 1914 1057 1974 de
1071 1915 1264 1975 conversioni·

166 2003 219 2075 bus
233 2012 278 2068 est
291 2004 471 2069 dcundum?
492 2026 558 2084 quse
573 2026 638 2067 cum
651 2012 697 2087 <ut
711 2006 753 2069 its
765 2006 871 2085 dimus)
884 2007 1030 2068 simulacri
1048 2008 1212 2077 simulacra,
1230 2018 1264 2067 et

166 2096 332 2161 umbrarum
345 2098 456 2161 umbrae
469 2097 536 2171 sint,
556 2118 594 2163 sn
608 2098 670 2161 fieri
692 2100 753 2161 ullo
772 2100 864 2162 modo
884 2101 984 2179 possit,
1006 2111 1040 2160 ut
1062 2099 1155 2179 (quod
1174 2100 1263 2180 paolo
1371 2146 1375 2157 .

165 2198 234 2253 suta
247 2188 322 2265 dixi)
336 2188 446 2268 optimo
460 2190 629 2272 exemplari,
644 2192 705 2271 puri
720 2203 751 2253 et
764 2193 895 2255 bonitate
909 2192 1009 2253 erfida
1022 2194 1264 2273 optimatespon·
1309 2201 1315 2210 '

166 2282 266 2351 deant,
280 2283 416 2363 equidem
429 2284 537 2347 nescio.
580 2284 623 2347 Ut
636 2286 713 2347 enirn
733 2286 867 2358 undonis,
881 2287 924 2347 sic
938 2286 1026 2346 etiam
1039 2286 1147 2365 linguae
1165 2289 1262 2364 cujus·

165 2394 223 2453 qus
236 2375 393 2454 peculiaris
407 2387 437 2439 at
450 2376 555 2439 slicubi
567 2396 683 2459 prorem
696 2390 740 2439 est
761 2378 936 2439 inimitabilis
951 2378 1073 2449 Genius,
1087 2379 1192 2439 diversi
1203 2399 1265 2438 mo·

165 2488 223 2541 res,
238 2470 354 2531 diuersa
366 2470 499 2531 instituis
513 2482 544 2530 et
557 2490 636 2549 smpe
651 2472 804 2541 contraria,
817 2493 885 2550 quse
897 2492 1017 2532 necesse
1036 2483 1083 2531 est
1102 2472 1191 2532 etiam
1209 2492 1263 2532 sun

165 2563 294 2641 quodam
306 2563 444 2625 orationis
457 2582 566 2642 genere
580 2564 731 2642 explicari,
746 2584 813 2643 quea
825 2565 884 2624 suis
897 2566 993 2625 verbis
1003 2566 1147 2644 jucunde,
1161 2564 1263 2625 alienis

165 2656 290 2717 molesta
309 2656 454 2717 dicuntur.
504 2655 592 2723 Quod
613 2656 637 2715 si
656 2676 709 2737 pro
732 2655 835 2718 iisdem
858 2658 962 2717 similia
984 2658 1054 2717 velis
1076 2657 1264 2729 substituere,

166 2748 294 2810 momine
306 2760 405 2810 mosen
415 2748 471 2809 erit
484 2748 668 2810 nihilominus
677 2750 706 2808 in
722 2768 758 2809 ea
771 2749 956 2810 similitudine
966 2748 1176 2809 dissimilitudo.
1203 2750 1266 2810 Sed

167 2854 202 2902 ut
213 2843 275 2903 hoc
290 2840 440 2903 Ciceronis
454 2842 593 2903 diuinitati
613 2842 720 2921 ingenii
734 2855 765 2902 et
777 2844 888 2903 marine
901 2843 1047 2903 autoritati
1059 2843 1182 2902 fortasse
1194 2863 1265 2903 con·

167 2954 286 2997 cessum
297 2934 363 3006 fuit,
381 2946 471 3014 enque
485 2934 548 2995 aliis
566 2935 699 3015 ejusdem
719 2936 825 3005 mmsis,
838 2955 897 3013 qua
910 2946 941 2994 et
955 2954 1051 3013 greca
1064 2946 1096 2992 et
1108 2935 1199 2993 latina
1210 2936 1265 2993 lin·

169 3046 232 3107 gua
244 3026 412 3100 floruerunt,
432 3026 676 3107 prestantissimis
695 3026 780 3087 virise
809 3026 851 3087 ita
871 3026 964 3096 nobis,
983 3024 1033 3104 qui
1045 3025 1196 3103 uniusque
1208 3024 1267 3085 fra·

168 3129 292 3198 gmenta
304 3118 333 3177 in
344 3119 459 3199 scriptis
472 3120 614 3180 babemus
628 3119 748 3199 raliqus‚
762 3118 812 3199 qui
831 3119 944 3197 magnis
957 3118 1175 3178 difficultatibus
1196 3137 1267 3178 con·

168 3214 326 3286 dictamus,
339 3214 409 3275 illud
428 3214 508 3285 satis,
522 3216 632 3293 opinor,
646 3234 711 3275 esse
724 3213 824 3284 debet,
837 3214 863 3273 si
874 3213 1033 3275 sententias
1046 3214 1124 3272 bona
1137 3212 1207 3283 fide,
1218 3233 1267 3273 eo·

170 3306 296 3385 demque
310 3304 412 3366 ordine
425 3305 659 3385 appenderimus,
671 3316 703 3365 et
715 3326 809 3385 genus
829 3306 966 3365 orationis
978 3304 1065 3365 facila
1079 3318 1111 3365 et
1123 3306 1266 3368 mundum

171 3398 407 3459 adhibuerimus:
428 3400 594 3477 inquorum
612 3408 736 3478 utroque
757 3418 816 3459 non
837 3418 926 3480 parua
946 3410 1030 3459 certa
1042 3408 1088 3457 est
1101 3397 1266 3459 difficultas.

172 3492 232 3552 Sed
246 3492 275 3551 in
289 3492 464 3570 eloquendo,
478 3510 564 3571 quam
585 3492 786 3571 intelligendo,
806 3492 896 3570 longe
913 3494 1014 3570 major.
1055 3494 1155 3558 Quare
1167 3491 1266 3552 valere

171 3603 223 3643 eos
240 3584 332 3663 jubeo
346 3586 424 3664 (nam
440 3584 478 3643 ob
488 3582 664 3663 paucitatem
675 3594 706 3643 et
717 3583 862 3663 ignauiam
875 3584 968 3643 minor
981 3603 1082 3643 eorum
1097 3584 1188 3643 debet
1200 3602 1265 3642 assa

171 3677 413 3755 autoritas),quia
423 3695 583 3754 graecarum
592 3676 739 3735 literarum
749 3676 956 3755 interpretibus
966 3677 1074 3755 ubique
1083 3676 1268 3756 splendorem

172 3770 409 3841 Ciceronianam,
428 3770 552 3840 honest,
567 3788 672 3847 aquam
691 3770 848 3849 epumice,
868 3780 984 3848 petunt.
1023 3770 1114 3836 Quasi
1127 3789 1198 3828 uero
1218 3786 1268 3828 aa·

173 3862 240 3923 dem
255 3864 314 3923 sint
331 3874 463 3941 tempora
480 3870 589 3930 nosue,
607 3880 673 3939 qum
693 3862 861 3923 Ciceronis:
884 3873 913 3925 et
932 3882 989 3922 non
1008 3862 1081 3921 illud
1094 3880 1210 3941 quoque
1224 3862 1268 3924 ¹sit

172 3976 271 4037 operas
290 3958 425 4037 pretium,
446 3956 582 4033 adjurare
602 3954 734 4016 homines
755 3956 910 4026 studiosos,
928 3969 962 4015 ut
975 3957 1098 4036 primum
1112 3976 1167 4034 per
1179 3956 1268 4016 inter·

172 4060 294 4127 pretam,
316 4060 465 4128 utcunque
486 4047 576 4108 latine
599 4047 809 4107 balbutientem
833 4048 954 4109 audiant
975 4050 1215 4118 Demosthenem,
1236 4057 1291 4131 et!

172 4152 234 4199 tam
256 4140 287 4198 in
307 4141 393 4200 litore
411 4141 601 4213 balbutiebat,
623 4150 778 4220 antequam
791 4140 838 4212 ἧκε
851 4144 942 4221 φέρων
954 4147 985 4202 rd
999 4170 1015 4223 p
1030 4145 1268 4224 ῥερητοριυμένον,

172 4231 278 4311 lapillis
296 4232 404 4311 lingum
426 4234 586 4311 subjectis:
607 4245 676 4314 post
693 4234 780 4293 etiam
797 4233 934 4313 expedite
954 4246 986 4294 et
1006 4254 1113 4314 magna
1124 4236 1152 4292 ri
1168 4234 1196 4291 iu
1211 4230 1268 4287 ire·

172 4326 290 4404 quentis
303 4326 402 4406 populi
418 4326 605 4387 Atheniensis
620 4330 715 4387 Attice
726 4327 947 4387 conducentem
957 4328 1102 4387 audituri?
1144 4322 1269 4391 Quodsi

175 4421 257 4479 nesus
280 4438 345 4482 esse
366 4430 478 4500 putant,
501 4420 690 4480 contaminari
714 4421 791 4480 mule
815 4420 1008 4481 describendo
1028 4418 1269 4490 Demosthenem,

175 4512 298 4591 primurn
312 4514 349 4574 ab
362 4514 402 4574 eis
417 4514 570 4594 postulabo
581 4517 646 4593 jure
661 4514 779 4595 optimo,
793 4524 825 4573 ut
836 4534 881 4586 aa,
895 4534 960 4593 qum
975 4512 1203 4593 reprehendunt,
1215 4505 1275 4593 ipsi
