2984 4917
476 321 537 384 nn
558 320 907 386 nnnosrnsnnrr.
1060 279 1063 285 ¹
1151 330 1242 394 aex

143 469 346 544 Platonem,
361 493 420 534 non
434 485 480 536 est
494 476 579 537 unius
591 476 726 549 hominis,
740 497 810 550 non,
823 465 910 560 poene
923 480 1059 553 dixerim,
1074 484 1159 546 unios
1172 496 1245 545 aeta·

141 565 190 625 tis.
203 567 357 646 ἐρανιστάι
377 571 448 645 (qna
470 567 657 628 similitudine
681 570 847 632 delectatus
870 586 918 634 est
937 576 1168 654 Demosthenes)
1190 597 1244 638 nos

143 675 209 716 esse
223 675 278 736 par
288 668 346 718 est.
387 659 557 737 Symbolum
571 661 693 740 quisque
701 681 786 722 sunm
796 665 938 736 conferat,
953 668 1113 728 noliacum
1125 669 1244 741 invidia,

144 749 226 808 nulla
237 749 432 827 malignitate,
447 751 527 811 nulla
539 751 683 812 virulenta
695 754 783 813 honre
796 756 954 818 voluntatis
973 760 1168 820 insectatione
1180 761 1246 821 lite·

144 840 183 899 ris
195 840 296 913 noxie,
311 853 344 900 nt
357 861 424 922 quas
438 843 658 904 contentionem
679 843 718 906 sd
735 845 853 907 laudem
866 851 1012 929 reprimat,
1028 863 1067 922 et,
1080 853 1162 912 relnt
1175 854 1247 933 gelu

146 932 399 1018 progerminuntes
420 953 561 1014 gemmas,
581 937 695 996 adurat.
716 937 893 1018 accipiamus
914 943 1011 1021 potins
1031 944 1172 1024 quiequid
1190 956 1246 1018 est,

147 1024 225 1103 qnod
238 1025 361 1104 quisque
371 1027 433 1100 dat,
446 1039 498 1088 ant
508 1047 575 1088 cum
589 1029 783 1108 indulgentis,
798 1043 859 1104 ant,
873 1034 898 1094 si
911 1054 959 1095 res
972 1037 1088 1116 patitur,
1100 1055 1167 1097 enm
1182 1039 1245 1098 lan·

147 1115 230 1177 dirus
240 1125 270 1179 et
282 1117 360 1198 grati
370 1119 457 1182 ammi
470 1121 685 1185 testificatione.

555 1446 684 1512 SEGT.
707 1447 837 1516 XXV.

516 1621 578 1678 De
598 1621 690 1680 lexicis
709 1622 863 1682 rhetoricis.

188 1771 261 1834 Hoc
282 1771 321 1835 de
334 1772 417 1835 fonte
430 1774 716 1836 demosthenicarum
736 1793 791 1834 neu
811 1775 1058 1848 emendatIonnm
1073 1797 1125 1836 sen
1145 1777 1245 1858 expla-

149 1865 308 1936 nationum,
335 1865 413 1944 qnod
437 1866 545 1936 dicam,
571 1866 667 1925 haheo
693 1881 807 1944 parum.
847 1867 959 1926 Praeter
982 1869 1246 1948 Harpocrationem

150 1956 289 2032 ejusmodi
307 1958 404 2018 lexica
424 1976 516 2039 penes
535 1978 583 2017 me
602 1957 683 2016 nulla
701 1969 779 2017 sunt.
820 1957 937 2036 Dignus
950 1959 1067 2036 quidem
1090 1980 1165 2019 nova
1185 1960 1247 2020 edi·

149 2049 226 2108 tione
237 2061 284 2110 est
295 2049 502 2130 Harpocratio,
513 2049 667 2130 recepique
676 2069 695 2109 a
704 2069 753 2108 me
763 2049 909 2109 edendum
922 2051 953 2109 in
963 2051 1012 2110 illo
1022 2063 1247 2132 programmate,

150 2165 207 2222 qno
220 2165 317 2226 nuper
330 2145 366 2205 de
380 2165 446 2206 meo
460 2158 567 2206 conatu
582 2145 817 2205 Demosthenem
831 2157 1011 2226 caeterosque
1026 2149 1156 2208 rhetores
1170 2167 1248 2228 grae-

150 2255 198 2297 cos
211 2239 319 2297 edendi
333 2239 551 2318 significabam3
571 2239 651 2318 quod
663 2257 849 2318 programma
862 2259 921 2298 uon
935 2240 1022 2301 modo
1033 2240 1143 2313 Belius,
1155 2242 1193 2304 V.
1209 2245 1247 2308 C.

150 2329 234 2390 Actis
252 2329 442 2390 Eruditorum
462 2330 664 2410 Lipsiensihus
679 2331 791 2390 curavit
804 2330 902 2404 inseri,
917 2331 1070 2392 sedetiam
1084 2333 1248 2409 Harlesius,

149 2419 185 2480 V.
200 2423 237 2483 C.
259 2423 384 2483 orationi
398 2423 608 2484 Demosthenis
627 2441 680 2503 pro
694 2423 888 2482 coronasse
905 2423 990 2483 editae
1010 2425 1144 2503 subjecit.
1187 2425 1249 2487 Sed

149 2515 262 2575 abhoc
284 2516 402 2595 quidem
424 2535 471 2576 me
491 2516 615 2576 deduxit
637 2514 759 2576 consilio
783 2515 939 2575 auctoritas
960 2515 1138 2588 Ruhnkenii,
1159 2519 1195 2578 V.
1211 2516 1247 2580 C.

153 2605 338 2679 ostendentis,
355 2607 598 2687 Harpocrationis
616 2607 828 2687 exemplarium
848 2607 879 2666 in
897 2608 1026 2667 tabernis
1045 2607 1166 2669 hhrariis
1187 2621 1252 2670 tun-

150 2709 207 2760 tam
220 2719 377 2781 superesse
390 2701 513 2781 copiam,
527 2711 561 2760 ut
574 2713 650 2760 nova
659 2705 722 2776 ejus
733 2699 863 2760 editione
874 2699 963 2760 facile
977 2712 1122 2762 careatur.
1154 2703 1248 2781 Cujus

150 2791 178 2852 in
192 2793 369 2854 anctoritate
380 2812 417 2852 eo
431 2813 494 2853 sum
508 2793 655 2862 libentius,
669 2792 747 2871 quod
762 2793 970 2852 annotatione
983 2795 1247 2871 grammaticorum,

150 2903 206 2962 quo
217 2885 248 2944 in
261 2904 384 2946 numero
397 2883 563 2963 comprimis
577 2893 646 2944 sunt
659 2883 872 2963 lexicographi,
886 2883 999 2945 animm
1011 2885 1081 2944 mihi
1100 2905 1247 2965 nunqnam

150 2975 209 3036 non
222 2977 342 3056 refugit.
384 2975 439 3037 Est
453 2975 569 3058 quidem
589 2994 680 3054 penes
694 2995 741 3034 me
756 2975 854 3034 Photii
867 2995 983 3057 qnoque
998 2977 1134 3037 Lexicon
1147 2979 1247 3039 rheto-

150 3066 251 3129 ricum.
282 3068 341 3129 Sed
355 3069 392 3129 ab
405 3069 464 3132 hoe
477 3087 596 3147 quoque
610 3067 727 3128 edendo
741 3068 891 3147 complura
902 3088 951 3130 me
965 3069 1144 3141 absterrent3
1157 3070 1188 3130 in
1202 3072 1248 3134 his

149 3161 195 3222 vel
217 3162 345 3223 maxime
367 3161 542 3222 incredibilis
566 3161 738 3222 mendorum
758 3179 905 3233 numerus,
925 3161 1031 3241 quibua
1054 3163 1180 3224 obsitum
1201 3175 1248 3224 eat

150 3257 325 3336 exemplum,
345 3255 424 3318 unde
438 3255 615 3336 exscriptum
628 3266 673 3315 est
686 3273 795 3316 meum.
836 3256 917 3321 Quas
936 3256 1057 3316 mendas
1076 3268 1107 3317 et
1125 3277 1247 3319 numero

150 3359 179 3407 et
196 3348 328 3417 foeditate
342 3359 402 3410 tam
416 3349 581 3420 abnormes,
595 3357 627 3406 ut
648 3366 695 3408 res
707 3347 798 3407 iidem
811 3359 941 3427 superet,
955 3347 1042 3409 sicin
1055 3349 1152 3410 medio
1165 3353 1247 3430 poni,

149 3440 227 3504 hand
240 3444 355 3504 ridetur
369 3463 386 3504 e
398 3463 432 3503 re
445 3443 591 3504 literarum
604 3461 679 3512 esse,
694 3442 754 3504 nisi
762 3444 787 3502 si
800 3443 864 3522 quis
877 3443 947 3503 velit
960 3443 1109 3529 materiam
1124 3445 1201 3520 dure,
1215 3447 1247 3508 in

149 3537 206 3616 qud
220 3537 368 3616 ingenium
382 3535 452 3596 felix
467 3546 498 3596 et
518 3553 624 3595 narum
638 3533 779 3607 elaboret,
794 3548 846 3595 aut
858 3535 896 3595 de
908 3553 967 3615 qna
980 3537 1162 3614 grammtiei
1176 3557 1247 3598 con·

148 3628 289 3690 tendent:
313 3628 413 3688 eluere
427 3637 526 3688 autem
539 3627 603 3687 illas
622 3627 755 3700 mendas,
773 3646 872 3705 neque
885 3627 1002 3706 ingenii,
1015 3647 1112 3706 neque
1125 3629 1176 3688 otii
1189 3631 1250 3692 mei

147 3729 203 3782 est.
246 3719 317 3780 Alie
338 3731 417 3798 sunt,
438 3739 504 3799 ques
525 3729 556 3778 et
575 3717 674 3778 malim
694 3737 796 3798 agere,
817 3729 850 3778 et
867 3718 981 3780 felicius
1003 3729 1119 3780 aeturus
1138 3721 1249 3785 videor.

149 3812 225 3872 Turn
250 3811 330 3871 hond
351 3811 423 3882 scio,
448 3829 574 3890 quomo
595 3809 633 3876 sit
652 3809 750 3868 animo
763 3809 875 3873 laturus
888 3809 938 3869 ille
957 3809 1002 3869 vir
1014 3809 1247 3886 humanissimus,

146 3905 197 3984 qni
218 3903 334 3982 copiam
348 3903 392 3962 sni
411 3902 510 3962 Photii
529 3901 598 3961 mihi
612 3901 696 3976 fecit,
719 3900 743 3960 si
765 3901 828 3979 ipso
851 3900 955 3971 inscio,
977 3900 1079 3962 nescio
1101 3922 1140 3963 an
1158 3904 1250 3965 insito

148 3996 247 4066 etiam,
269 3995 388 4054 lexicon
411 3995 469 4054 hoo
496 3993 592 4054 edam.
634 3989 725 4053 Adde
750 3993 832 4071 quod
856 3993 980 4054 Photins
1005 3993 1036 4053 in
1062 3999 1248 4075 exponendis

149 4085 252 4165 glossis
273 4085 450 4146 comicorum
471 4097 502 4146 et
521 4084 708 4164 tragicorum,
728 4103 816 4163 quam
841 4085 1000 4157 rhetorum,
1023 4086 1062 4147 sit
1081 4089 1248 4168 diligentior

148 4190 235 4258 atque
250 4177 412 4258 copiosior;
426 4189 522 4258 eoque
535 4177 629 4236 minos
641 4175 776 4236 instituto
788 4194 855 4236 meo
865 4179 1116 4240 accommodatus.
1146 4184 1248 4249 Quare

149 4270 300 4351 provincio
312 4271 389 4343 hoeo,
404 4289 471 4332 oum
485 4269 583 4330 multis
597 4268 670 4340 aliis,
684 4269 796 4339 futuro,
807 4268 938 4350 quisquis
947 4271 1109 4332 secundum
1122 4291 1170 4332 me
1180 4274 1248 4346 erit,

148 4364 359 4426 Demosthenis
381 4363 486 4424 editori
513 4372 663 4422 reservata
683 4371 803 4424 maneto
829 4361 953 4444 integra,
978 4363 1079 4426 lexico
1100 4363 1249 4428 rhetorico
1275 4429 1280 4438 ,

90 4497 93 4504 ·
147 4475 226 4530 eom,
239 4457 361 4536 ejusque
375 4455 492 4522 sodales
505 4453 675 4518 instruendi.
