2984 4917
363 338 425 397 AD
448 336 568 411 SUUM
590 338 814 411 DEMOSTH.
837 342 1055 403 PRAEFATT.
1186 342 1254 405 xlvii

165 495 230 574 quls'
241 492 484 571 eJusiaudatores
496 495 632 574 requirat,
642 496 676 555 in
696 509 813 576 promtu
831 510 899 558 sont
918 506 1025 578 preter
1038 510 1154 571 cetera,
1169 500 1260 566 Cicee

163 590 241 649 roais
255 599 285 648 et
295 588 466 655 Quintiliani
484 589 646 661 latinorum,
659 590 806 650 Plutarchi
819 610 854 649 ac
864 592 985 651 Luciani
1000 612 1165 670 gracorum
1175 593 1257 653 testi·

164 682 272 754 monie,
286 701 354 761 quse
374 681 581 743 adsecundum
602 683 690 741 nostri
712 682 819 742 laboris
832 683 957 742 Tomara
973 685 1193 757 reservavimus,
1206 684 1257 763 qui

164 773 287 853 Ulpiani
305 774 512 843 enarrationes,
535 776 735 835 annotationes
753 774 823 835 item
843 786 957 835 nostras
970 777 1000 834 in
1015 776 1182 837 obscuriora
1193 777 1259 838 loca

166 880 198 927 et
212 868 312 937 dubia,-
326 886 381 925 nec
395 885 456 925 non
476 866 532 925 alia
543 866 666 926 fortasse
687 867 858 937 continebit,
880 888 946 945 quoe
965 868 995 926 in
1014 868 1058 927 his
1078 869 1259 948 pedagogia

165 958 307 1020 molestiis
326 969 356 1017 et
373 958 587 1037 impedimentis
600 960 673 1019 sica
685 979 732 1017 me
754 959 863 1019 absolvi
881 979 939 1019 non
957 971 1124 1039 potuerunt,
1138 971 1171 1019 ut
1183 981 1260 1022 nuuc

168 1052 335 1122 ederentur,
350 1069 514 1130 quanquam
529 1051 557 1109 id
572 1051 694 1111 maxime
706 1051 870 1111 voluissem.
910 1052 1015 1131 Neque
1032 1052 1101 1109 mihi
1121 1073 1199 1112 nunc
1213 1054 1260 1112 sel

166 1160 289 1215 mormn,
304 1142 350 1201 vel
363 1132 546 1202 consiliorum
567 1146 630 1221 eiua
649 1142 848 1203 defensionem
870 1144 1084 1223 suscipiendam
1105 1163 1169 1203 esse
1191 1164 1261 1205 cen·

169 1252 238 1297 seo:
261 1245 313 1294 aut
326 1255 392 1294 oum
408 1235 443 1293 iis
455 1235 617 1306 nuendum,
636 1234 686 1313 qui
704 1246 737 1294 ut
759 1237 864 1296 malum
885 1237 978 1298 vimm
999 1248 1031 1307 et
1050 1237 1144 1297 civem
1159 1237 1261 1316 patrioe

169 1328 362 1408 perniciosum
377 1327 466 1397 hunc,
480 1336 513 1386 ut
527 1338 558 1385 et
571 1326 753 1399 Ciceronem,
768 1328 929 1406 exagitant.
969 1325 1046 1389 Illud
1058 1338 1170 1390 tantum
1183 1328 1260 1399 dico,

168 1420 194 1479 si
205 1418 271 1497 quis
285 1437 384 1477 eorum
397 1417 507 1495 scripta
516 1437 602 1497 aequo
615 1417 711 1477 animo
721 1417 802 1496 legat
815 1430 845 1477 et
859 1418 1014 1497 expendat,
1024 1419 1183 1497 presertim
1197 1436 1261 1477 ora·

172 1511 286 1569 tionem
297 1508 333 1567 de
343 1528 468 1569 corona:
492 1520 522 1567 et
532 1508 663 1569 homines
677 1530 727 1569 eos
745 1510 845 1583 tuisse,
855 1532 912 1571 non
927 1511 1008 1585 deos,
1022 1511 1143 1589 cogitet,
1157 1531 1192 1571 ac
1206 1510 1262 1569 dif-

171 1601 307 1663 ficillimis
325 1602 500 1681 temporibus
524 1622 589 1661 cum
609 1602 798 1661 acerbissimis
819 1604 988 1665 adversariis
1011 1604 1211 1667 conflictatos:
1232 1603 1264 1661 in

173 1715 275 1755 eorum
302 1695 359 1765 sita
386 1696 474 1755 etiam
501 1694 584 1774 plura
611 1694 766 1765 laudanda,
798 1714 883 1774 quam
910 1696 1107 1773 vituperanda,
1136 1695 1264 1775 reperiri.

172 1790 278 1847 Vemm
296 1807 384 1866 quam
405 1787 499 1847 bonus
518 1798 568 1847 aut
590 1787 682 1848 malus
699 1788 746 1845 ¹vir
765 1786 853 1848 fuerit
871 1788 1095 1856 Demosthenes,
1114 1788 1145 1850 id
1169 1788 1264 1848 Athe-

172 1881 314 1941 niensium
329 1880 403 1943 .olim
426 1880 576 1940 interfuit:
601 1900 680 1939 nunc
702 1890 802 1939 nostra
824 1880 892 1939 nihil
916 1880 1047 1951 interest,
1068 1879 1117 1958 qui
1138 1882 1264 1958 exejus

173 1972 340 2052 eloquentia
363 1972 527 2051 prudentiae
552 1972 668 2033 dicendi
692 1972 819 2031 fructum
846 1971 1018 2050 colligimus.
1037 2022 1041 2027 ,
1064 1972 1108 2031 ¹In
1132 1990 1190 2050 quo
1213 1990 1266 2048 ge·

173 2085 242 2126 nere
255 2066 325 2125 satis
338 2066 401 2144 ipse
415 2065 629 2125 Demosthenes
649 2084 713 2125 sese
733 2063 844 2136 laudat,
866 2064 891 2122 si
910 2064 1049 2124 lectorem
1062 2063 1151 2125 fuerit
1161 2072 1265 2123 nactus

173 2158 348 2238 prodentem
363 2167 393 2215 et
405 2167 558 2217 attentum.
599 2157 667 2216 Fuit
681 2156 758 2215 enim
773 2170 805 2215 et
817 2175 921 2234 aquam
939 2156 1049 2229 bibere,
1064 2166 1094 2215 et
1112 2156 1150 2216 ad
1169 2156 1265 2214 lucer·

174 2270 241 2311 nam
260 2250 400 2328 scribere,
414 2262 444 2309 et
466 2250 497 2309 in
521 2250 640 2309 multam
663 2259 781 2309 noctem
806 2248 1214 2327 lucubrationesproducere,
1235 2258 1267 2307 et

172 2344 348 2403 antelucana
361 2362 451 2423 opera
461 2342 578 2421 opifices
592 2353 774 2402 antevertere
787 2341 888 2401 solitus
902 2341 1127 2402 Demosthenes.
1168 2344 1267 2408 Quare

173 2435 300 2495 sobrium
314 2434 404 2495 etiam
423 2444 454 2493 ct
466 2434 632 2513 vigilantem
652 2435 802 2505 lectorem,
822 2452 880 2493 non
901 2434 1005 2506 minus,
1021 2454 1108 2512 quam
1125 2436 1268 2514 interpre-

174 2540 243 2600 tem,
268 2528 400 2607 requirit,
422 2528 469 2606 qui
491 2528 546 2587 uim
568 2528 731 2599 verborum,
754 2528 802 2607 qui
824 2528 960 2607 pondera,
979 2529 1199 2600 sententiarum,
1219 2527 1269 2607 qui

174 2640 301 2681 acumen
322 2620 504 2690 inventionis,
520 2620 568 2699 qui
587 2633 823 2699 argumentorum
843 2622 957 2699 copiam
979 2635 1010 2680 et
1029 2620 1205 2693 violentiam,
1219 2620 1270 2699 qui

174 2714 377 2793 exemplorum
404 2714 585 2791 gravitatem,
614 2713 663 2793 qui
686 2714 851 2793 reipublicae
879 2714 1014 2791 gerendae
1036 2715 1197 2783 scientiam,
1218 2711 1269 2792 qui

172 2805 320 2871 diuinandi
354 2804 509 2877 solertiam,
534 2806 583 2884 qui
611 2806 808 2866 collocationis
834 2805 994 2878 artificium,
1019 2807 1068 2885 qui
1095 2806 1268 2884 exquisitam

174 2898 394 2961 similitudinem
412 2910 576 2959 nostrorum
597 2910 770 2979 temporum,
785 2899 834 2977 qui
854 2916 993 2957 summam
1007 2900 1132 2976 denique
1152 2902 1200 2976 (ne
1222 2918 1268 2969 ea,

176 3014 244 3073 quae
265 2992 478 3064 infinita-sunt,
500 2992 620 3053 infantia
644 3013 711 3054 mea
737 3002 859 3053 conetur
880 2991 1026 3068 persequi)
1054 2989 1216 3049 motionem
1239 3000 1270 3048 et

176 3084 373 3166 prudentiam,
387 3104 454 3145 cum
475 3086 538 3164 pari
558 3084 713 3146 autoritate
734 3096 766 3145 et
784 3083 940 3145 severitate
961 3084 1156 3160 conjunctam,
1177 3079 1271 3140 consi·

175 3179 273 3249 deret,
287 3177 452 3257 perspiciat,
467 3177 643 3238 admiretur:
671 3188 702 3237 et
714 3190 850 3258 quantum
864 3175 986 3255 quisque
999 3176 1106 3236 viribus
1119 3174 1226 3254 ingenii
1241 3184 1272 3233 et

177 3270 339 3350 diligentiae
352 3272 481 3331 subsidio
491 3272 628 3349 consequi
640 3272 740 3351 possit,
751 3272 884 3331 imitetur.
922 3270 1016 3349 'Quod
1029 3265 1273 3341 sibonestisaimis

178 3368 241 3439 ejus
255 3363 382 3423 consiliis
396 3363 442 3421 rel
463 3362 611 3423 hominum
632 3362 813 3443 perversitas,
828 3365 874 3424 vel
893 3363 988 3433 t'atalis
1009 3358 1273 3442 eliqua-calamitas
1367 3417 1370 3422 .

180 3456 302 3529 obstitit,
317 3477 355 3517 eo
368 3456 503 3536 profecto
524 3457 640 3516 noniine
659 3456 909 3531 commiseratione
923 3456 1037 3535 dignior
1058 3467 1111 3525 est,
1131 3473 1218 3532 quam
1231 3452 1274 3511 iu·

179 3550 359 3610 sectatione:
387 3562 418 3609 et
430 3549 474 3621 iis,
494 3550 542 3629 qui
560 3561 640 3609 tanto
660 3550 851 3629 sapientiores
873 3551 921 3610 illo
940 3549 1029 3608 videri
1043 3549 1153 3619 volunt,
1174 3547 1274 3606 elabo-

179 3642 310 3715 randum,
325 3652 356 3701 et
369 3642 442 3701 rotis
455 3662 474 3702 a
488 3643 556 3701 Deo
570 3642 778 3720 exoptandum,
791 3655 824 3701 ut
837 3643 894 3703 sint
907 3662 943 3701 eo
956 3640 1177 3701 fortunatiores..
1213 3637 1275 3698 Sed

181 3747 213 3795 ut
226 3736 265 3799 ad
277 3756 340 3796 rem
352 3736 481 3807 redeam,
492 3736 541 3815 qui
553 3735 612 3807 illa,
627 3756 692 3815 quse
706 3738 850 3809 recensui,
864 3737 910 3795 vel
924 3736 953 3793 in
965 3754 1023 3793 una
1035 3730 1201 3813 praestiterit
1211 3750 1275 3789 ora·

181 3832 269 3903 tione,
284 3830 354 3890 huic
368 3830 485 3891 abunde
498 3830 634 3890 laudatus
648 3830 702 3889 erit
715 3830 943 3901 Demosthenes,
957 3827 1126 3897 domestico,
1146 3844 1204 3886 non
1224 3823 1276 3883 ali·

178 3941 240 3982 ‚eno
260 3922 415 4001 preconio.
458 3923 535 3983 Nam
554 3922 604 3982 ubi
624 3922 790 3983 testimonia
808 3942 904 3982 rerum
924 3922 1040 3991 adsunt,
1059 3919 1129 3998 quid
1143 3938 1217 3996 opus
1231 3927 1276 3975 est

182 4016 287 4075 verbis.
328 4014 369 4073 Et
386 4015 453 4075 heo
470 4016 570 4075 omnia
584 4016 676 4075 multo
697 4025 785 4075 erunt
803 4015 985 4075 evidentiora
998 4024 1029 4073 et
1043 4010 1221 4092 expressiora
1233 4009 1276 4067 le·

178 4109 262 4188 genti
275 4127 384 4187 grace,
399 4108 428 4166 in
443 4108 546 4187 quibus
557 4108 656 4169 elucet
675 4108 779 4169 Attica
797 4109 848 4169 illa
860 4108 1029 4167 sinceritas:
1058 4124 1144 4184 quam
1157 4123 1213 4162 nec
1226 4101 1275 4162 Ci-

181 4220 253 4261 eero
262 4200 448 4280 expresserit,
461 4201 569 4259 nedum
583 4200 669 4260 homo
684 4200 824 4281 quispiam
838 4200 1025 4261 semilatinus.
1060 4198 1147 4265 Quod
1159 4215 1227 4255 vero
1239 4193 1277 4253 ad

178 4292 393 4354 ,sententiarum
406 4293 558 4353 veritatem
578 4305 611 4353 et
630 4312 800 4372 germanam
817 4293 1036 4373 intelligentiam
1055 4292 1169 4359 attinet,
1188 4286 1279 4346 fidem

183 4385 404 4445 st-indnstriam
423 4405 519 4447 meam
543 4406 629 4465 spero
649 4406 696 4449 me
717 4387 851 4449 omuibus
872 4406 975 4467 grecie
995 4385 1150 4462 latioreque
1170 4380 1279 4460 linguae

184 4478 493 4561 peritisprobaturum.
511 4518 514 4523 ·
535 4481 622 4549 Quod
642 4481 666 4543 si
686 4482 734 4543 cui
756 4502 848 4562 genua
869 4480 1006 4543 orationis
1026 4476 1133 4569 alicubi
1153 4473 1278 4537 sterilius
