2984 4917
439 328 524 393 lin
543 328 667 397 SUUM
685 328 1054 398 Demostratum:
1233 339 1287 399 xlx

192 508 273 563 xere,
283 490 326 551 ite
337 486 415 551 euim
426 484 687 570 appellant'onmes
696 506 757 563 ens,
766 490 815 571 qni
828 482 937 552 cultum
948 482 1131 553 credonis-'et
1141 481 1294 554 lenociniis*-

191 604 250 643 non
258 592 482 663 persequuntur,
489 582 560 643 licet
568 582 696 643 veritatis
708 581 883 643 subtilissimi
894 594 925 643 at
932 583 1089 645 acutissimi
1096 584 1296 663 indagatores

190 676 296 755 alioqui
315 675 381 735 rint.
395 684 429 733 ut
447 675 604 754 siquando
624 670 652 733 in
671 677 865 735 sanctissimos
885 676 1039 755 theologos
1056 689 1086 737 at
1101 677 1294 738 doctissimos·'

191 768 379 848 philosophos
391 766 530 839 incidant,
546 786 598 826 eos
618 764 735 827 omnino
755 768 939 839 abhorreant,
953 782 985 827 et
995 770 1077 847 qussi
1088 761 1201 828 inculto
1222 766 1302 833 ser-2

192 878 279 919 mone
291 860 362 918 nibil
374 854 444 919 rere
458 868 489 918 et
506 870 587 919 recto
606 860 743 939 espliosri
763 861 901 939 potuerit,
917 860 968 921 sed
982 862 1080 920 omnia
1097 880 1232 940 perverse
1250 874 1283 922 et

191 953 269 1013 nise
278 946 339 1012 'dici
352 970 474 1011 neccsse
486 952 533 1023 sit,
545 952 642 1011 stetim
653 954 794 1028 rejiciunt,
810 974 846 1013 ao
860 954 1008 1013 damnent.
1023 972 1119 1031 nsque
1130 954 1240 1026 sidant,
1257 955 1292 1014 si

189 1045 294 1102 formis
307 1044 502 1123 eloquentiam
517 1063 683 1123 comparare
696 1044 878 1116 voluminius,
893 1046 1094 1105 sturmariorum
1114 1046 1293 1125 exemplum

193 1135 311 1195 minime
329 1135 378 1195 bic
390 1154 456 1196 esee
469 1136 729 1197 accommodatum.
744 1137 850 1217 quippe
861 1158 951 1217 quum
967 1137 1091 1197 materia
1103 1139 1293 1198 extrinsecus·

193 1226 296 1287 artifici
305 1225 375 1287 huic
388 1228 599 1307 suppeditetur,
610 1230 733 1309 scriptor
746 1230 808 1309 ipse
821 1232 875 1291 sibi
886 1250 950 1289 esm
963 1230 1132 1310 plerumque
1141 1230 1241 1305 sociat,
1251 1242 1284 1291 et

193 1320 314 1379 materis
324 1318 426 1378 ammi
439 1332 559 1399 propter
571 1320 692 1381 sormam
704 1322 886 1394 exhibeatur,
895 1322 926 1381 in
935 1342 1031 1383 rerum
1044 1323 1239 1402 explicatione
1251 1334 1284 1382 et

194 1410 397 1471 &saredune
407 1412 502 1471 forma
515 1415 553 1473 ob
567 1414 716 1473 materiam
731 1414 928 1475 illustmndsm
941 1426 972 1475 et
984 1410 1216 1495 mundandam
1229 1416 1284 1476 ad·

195 1505 339 1576 bibentur,
353 1518 387 1564 ut
395 1505 541 1577 videlicet,
556 1505 634 1584 qnod
646 1507 743 1567 snimo
755 1507 953 1586 concepimus,
962 1508 992 1566 id
1006 1508 1170 1586 eloquendo
1182 1507 1224 1566 its
1234 1526 1284 1566 ex·

194 1598 360 1677 primsnsus,
373 1608 405 1656 ut
418 1599 500 1658 alteri
511 1598 684 1659 innotescat.
725 1600 872 1665 Quocirca
884 1603 908 1659 si
919 1600 1007 1659 modo
1018 1600 1117 1659 facere
1130 1600 1161 1658 id
1170 1599 1282 1670 volunt,

194 1690 284 1771 longe
305 1690 452 1753 meliorem
472 1703 503 1751 et
523 1692 816 1751 accommodatiorem
837 1692 951 1750 seriteti
971 1692 1214 1770 comparutionem
1234 1712 1283 1751 eu·

193 1802 275 1843 mero
284 1782 432 1843 snnmmis
443 1782 786 1863 possent,quibusfomns
795 1783 923 1842 meter-im
934 1800 1022 1841 cansa
1030 1783 1154 1860 imprimi
1160 1802 1284 1843 consue·

194 1876 245 1946 rit,
260 1894 318 1955 quo
331 1875 415 1953 signo
428 1875 472 1953 fit,
486 1874 600 1953 utquid
615 1886 644 1935 et
657 1876 756 1954 quenti
769 1874 865 1935 velent
877 1874 1007 1942 materis,
1020 1884 1233 1951 cognoscentes
1247 1892 1285 1933 ea

193 1967 233 2027 ed
252 1966 433 2027 necessarias
453 1986 501 2026 res
520 1968 561 2025 nti
581 1966 669 2026 facile
687 1968 840 2046 possimus.
879 1966 938 2032 Qui
958 1964 1047 2045 igituir
1066 1983 1215 2023 nummum
1236 1966 1284 2023 vel

194 2059 373 2139 plumbeum,
386 2058 433 2117 vel
445 2058 764 2139 alisqui-adulterinum,
774 2058 828 2118 sibi
838 2076 938 2117 carum
946 2058 1101 2136 propterea
1107 2056 1208 2126 habet,
1216 2056 1290 2135 quia

195 2152 310 2230 signum
323 2151 353 2209 in
367 2170 405 2210 eo
415 2150 567 2210 artificiose
579 2150 691 2211 factum
704 2151 867 2221 admiratur,
881 2170 978 2229 neque
992 2170 1068 2222 eum,
1084 2149 1140 2208 etsi
1156 2148 1293 2208 maxime,

194 2242 340 2321 logitimus
349 2243 396 2313 eit,
412 2242 594 2320 maximeque
604 2245 666 2323 ipse
676 2244 816 2322 indigeat,
829 2243 867 2301 ad
879 2242 947 2301 ritoe
956 2260 1024 2301 usus
1037 2242 1204 2323 impendere
1211 2242 1290 2313 vult,

196 2334 349 2394 isnummo
363 2334 497 2405 abutitur,
517 2334 728 2413 utilitatemque
747 2339 818 2410 ejus,
832 2334 871 2392 ob
882 2353 969 2413 quern
985 2333 1099 2412 signnm
1111 2333 1152 2391 illi
1164 2332 1289 2411 inditum

197 2436 250 2497 est,
262 2427 371 2485 nullum
382 2425 519 2505 percipit.
560 2426 603 2485 At
613 2424 696 2485 nobis
709 2426 752 2485 its
762 2425 930 2485 faciendum
942 2444 1000 2484 non
1014 2436 1069 2497 est,
1081 2424 1136 2484 sed
1144 2425 1222 2484 sicut
1233 2425 1291 2503 qni

194 2518 242 2577 rel
259 2518 433 2588 necessaris,
447 2518 494 2575 vel
515 2516 636 2590 divitias,
658 2519 712 2580 sibi
730 2536 898 2596 comparare
915 2518 986 2589 vult,
1008 2538 1109 2579 omnes
1128 2518 1174 2577 sel
1195 2522 1289 2597 qnam

194 2611 321 2690 purime
337 2610 467 2687 signatos
487 2628 628 2681 nummos,
641 2610 730 2669 modo
745 2611 816 2669 boni
833 2610 899 2681 sint,
914 2630 974 2670 non
991 2622 1107 2670 veretur
1119 2610 1290 2671 admittere.

197 2702 247 2762 sic
260 2722 324 2772 nus,
339 2702 388 2779 qni
406 2700 599 2779 intelligentie
617 2700 790 2781 indigemus,
811 2702 995 2764 committere
1013 2704 1073 2763 non
1091 2704 1240 2775 debemus,
1253 2712 1290 2762 nt

195 2794 243 2853 rel
256 2793 381 2853 barbare
393 2792 549 2851 admodum
568 2793 690 2873 scriptos
708 2794 807 2866 libros,
823 2795 1001 2855 sibonarum
1020 2796 1117 2855 rerum
1133 2796 1288 2855 scientiam

196 2886 394 2965 pollicesnmrr,
406 2884 467 2943 ullo
480 2885 570 2944 modo
581 2886 787 2964 repudiandos,
795 2887 844 2945 rel
857 2906 945 2965 qnam
957 2887 1157 2946 dissertissimo
1166 2906 1290 2965 compos

197 2980 278 3049 sitos,
287 2978 312 3036 si
320 2978 357 3036 de
369 2977 518 3036 inutilibus
532 2978 651 3039 strenis
659 2976 745 3037 r'ebus
758 2988 893 3047 mactant,
901 2978 999 3055 megni
1009 2976 1158 3037 faciendos
1167 2997 1289 3037 censea-
1358 3018 1361 3023 »

198 3076 274 3141 mus,
288 3069 357 3149 quin
377 3070 472 3141 etiam
486 3071 510 3130 si
524 3072 561 3129 de
583 3070 665 3131 seriis
679 3081 710 3131 et
722 3070 840 3130 utilibus
854 3069 983 3129 maxime
996 3069 1150 3139 disserant,
1168 3090 1227 3129 nnn
1240 3082 1288 3129 tea

197 3182 278 3223 urere
295 3162 489 3228 admittendos
502 3174 646 3244 putemus,
660 3183 708 3234 ne,
722 3162 967 3241 quemadmodum
982 3162 1097 3221 illorum
1109 3163 1210 3222 oculos
1226 3182 1288 3221 mo-

197 3266 273 3316 nette
284 3256 377 3314 l'orma
389 3256 430 3315 ite
440 3256 673 3335 praestringebat,
686 3266 719 3314 ut
731 3256 774 3314 uti
787 3274 824 3315 ea
838 3255 869 3314 in
884 3256 1065 3315 necessarios
1077 3256 1164 3315 etiam
1173 3265 1290 3314 sumtus

197 3368 258 3409 nan
276 3346 453 3426 paterentur,
473 3348 516 3407 sic
538 3349 664 3407 animum
683 3358 815 3406 nostrum
831 3358 951 3406 omstus
971 3347 1105 3405 orationis
1121 3352 1156 3406 ‘et
1168 3346 1289 3407 dicendi

198 3440 345 3517 elegantis
365 3439 544 3499 extrinsecus
565 3438 640 3498 adeo
663 3446 836 3515 occupatum
854 3436 994 3510 detinent,
1014 3448 1048 3495 ut
1064 3438 1103 3496 ad
1120 3457 1204 3497 sensa
1223 3438 1288 3516 ipsa

198 3530 408 3591 condderands
422 3543 577 3610 penetrare
589 3550 649 3589 non
662 3528 747 3589 sinat.
775 3528 852 3587 Nam
865 3528 890 3588 si
901 3528 1045 3607 neglectis
1057 3530 1153 3599 rebus,
1165 3528 1199 3587 id
1207 3529 1290 3607 qnod

198 3622 330 3694 fecimus,
345 3640 404 3681 non
425 3633 496 3694 tam,
515 3641 584 3682 cum
604 3640 655 3681 ess
667 3638 788 3699 prorsus
801 3638 862 3679 non
876 3619 1022 3690 ἀίιιὶιιιιιι,
1042 3640 1130 3698 quam
1142 3638 1209 3678 cum
1227 3640 1289 3679 uon

199 3714 282 3775 abiis
293 3714 441 3785 discimus,
452 3715 502 3792 qui
515 3732 565 3774 aas
578 3714 696 3783 docent,
711 3712 765 3771 sed
778 3713 815 3771 ab
827 3712 873 3782 iia,
886 3712 937 3789 qui
946 3731 995 3771 eas
1008 3711 1208 3772 tantummodo
1226 3712 1288 3776 elo·

198 3816 334 3885 quuntur,
353 3806 478 3867 sermoni
493 3804 656 3867 excolendo
670 3824 775 3864 secare
793 3804 978 3874 voluerimus,
996 3804 1156 3864 verendum
1168 3815 1224 3875 est,
1238 3824 1288 3875 ne,

200 3899 269 3957 dum
288 3898 321 3955 in
339 3914 376 3957 en
395 3917 428 3957 re
447 3898 560 3957 caeteris
580 3896 743 3955 bominibus
759 3906 898 3975 prestare
918 3914 1067 3967 conamur,
1088 3916 1146 3975 qus
1158 3895 1289 3958 homiues

201 3990 293 4049 bnrtie
310 3989 488 4049 antecellere
502 3988 656 4066 credimus,
668 3988 745 4067 picis
764 3999 795 4048 et
813 3988 942 4067 psittacis
958 3988 1108 4050 similiores
1122 3989 1289 4073 evademus.

203 4081 235 4140 st
255 4092 339 4141 recte
359 4082 477 4159 quidem
498 4082 621 4141 sonasse
641 4080 682 4140 ed
696 4080 884 4139 imitationem
902 4080 1063 4159 loqnemnr,
1077 4082 1160 4160 quod
1176 4082 1288 4145 retione

202 4174 367 4233 serentibus
385 4174 472 4233 etiam
489 4173 657 4233 aninmlibus
676 4172 829 4250 aliqnando
849 4172 999 4251 confingit,
1016 4174 1160 4251 sepiamus
1180 4184 1291 4244 autem,

202 4266 283 4345 quod
293 4266 440 4345 proprium
452 4266 577 4327 hominis
589 4276 644 4337 est,
658 4284 762 4343 pertun
770 4275 858 4325 recte.
900 4264 944 4323 At
953 4284 1024 4326 vern
1037 4266 1085 4343 qni
1096 4264 1291 4343 eloquentiam

202 4358 376 4437 vituperent,
390 4368 424 4417 ut
437 4368 547 4419 coeters
555 4358 693 4430 omittam,
702 4368 798 4417 artem
809 4362 871 4434 ejm
884 4356 961 4416 inter
973 4356 1170 4423 addsdnnum
1177 4354 1292 4436 species

203 4460 363 4531 meunt,
371 4460 463 4533 seque
472 4449 503 4512 id
515 4468 583 4513 erse
591 4450 697 4514 enimse
708 4448 823 4534 dicum,
835 4448 914 4532 qnod
927 4450 1045 4531 carpnri
1058 4460 1106 4513 aet
1121 4447 1295 4514 mmmmm
1311 4457 1331 4519 ι’
