2984 4917
194 316 255 383 ixii
428 318 453 377 1.
466 314 601 379 ΙῙὶΕΙίὶνῙ.
623 312 841 378 rattcmru
857 309 1045 378 PRAEFAT.

192 474 285 535 ricum
298 468 446 553 proleo'nu
464 470 501 533 sd
520 472 659 533 undarum
674 470 805 552 timores
817 470 935 533 cdonlis
951 458 1042 533 aiam
1059 471 1089 529 in
1108 488 1163 532 ore
1176 456 1280 532 aumdr

192 566 383 647 pronunciare
396 564 543 627 orationes
556 566 737 637 manebat,
750 584 811 643 quo
821 574 970 645 postea'et
983 565 1090 624 clarius
1100 565 1191 624 rerba
1209 584 1280 643 pro·

192 659 290 727 ferret,
311 669 342 717 et
355 653 523 719 tumultibus
542 657 641 737 pupuli
661 676 719 717 non
739 657 966 717 exturbaretur?
984 657 1155 727 Quidnam
1173 656 1282 735 gladiis

194 751 232 811 de
245 760 325 811 tecto
334 751 488 830 suspensis,
501 750 543 810 ita
555 768 640 829 pane,
654 761 688 809 ut
699 751 837 811 humeros
848 750 1034 829 attingerent,
1048 746 1127 808 dorni
1140 768 1175 808 se
1185 749 1224 807 nd
1238 749 1282 807 ‹li-¹

195 836 319 903 cendum
333 844 547 915 exercebatur
566 852 650 921 gesur
668 843 780 901 humari
791 842 983 921 incomposito
992 841 1137 902 amonem
1150 858 1282 900 cornum·

193 946 286 1016 peret,
300 952 397 994 nonne
410 935 520 995 animos
532 936 678 995 homiuum
687 935 788 1015 capit?
807 934 897 995 Hanc
905 935 994 1013 igitur
999 932 1280 1013 pronunciationem,

195 1027 242 1087 cui
255 1020 401 1105 praecipue
414 1026 469 1087 sibi
482 1027 707 1087 incumbendum
726 1027 841 1087 censuit
858 1026 908 1086 hic
922 1036 1033 1097 auctor,
1047 1026 1190 1103 cujusque
1203 1042 1282 1104 pse·

195 1120 279 1199 cipue
300 1118 420 1196 gloriam
432 1118 547 1179 videtur
560 1118 742 1197 appetivisse,
762 1118 942 1198 precipuum
955 1136 1073 1197 quque
1084 1117 1116 1175 in
1132 1121 1196 1193 ejus
1214 1134 1282 1175 ora·

195 1212 320 1271 tionibus
333 1211 429 1271 locum
442 1210 573 1270 obtinere
587 1210 810 1271 existimandum
822 1220 878 1282 est,
891 1220 925 1269 at
934 1228 1001 1269 cum
1012 1228 1064 1270 aaa
1075 1209 1209 1289 legimns,
1219 1212 1281 1268 nori

195 1304 284 1363 ruodo
298 1302 411 1362 ceteris
426 1301 546 1361 aliorum
566 1302 692 1363 omnium
711 1312 931 1381 mtepmamus,
950 1302 1085 1380 sedqrs’a
1103 1300 1281 1380 pronuncia·

195 1394 304 1453 tr'onam
317 1392 443 1453 auctoris
455 1393 550 1453 animo
564 1394 751 1473 concipimus,
764 1393 840 1472 ipsas
851 1410 885 1452 se
897 1392 966 1472 ipsis
980 1410 1097 1471 quoqne
1109 1410 1173 1453 esse
1191 1392 1283 1452 admi·

195 1485 342 1545 rabiliores
357 1483 528 1561 judicemus,
547 1496 577 1545 et
594 1485 670 1565 plns,
684 1504 771 1563 qnam
789 1484 929 1561 legamus,
945 1484 1149 1563 intelligamus,
1165 1495 1197 1543 et
1209 1484 1283 1543 lieet

196 1596 254 1637 vox
265 1581 325 1651 ejus
339 1596 398 1635 non
411 1576 550 1648 audiatur,
565 1592 680 1655 semper
688 1587 788 1637 tamen
800 1575 955 1636 adversarii
968 1582 1030 1651 ejm
1042 1594 1116 1636 roca
1132 1574 1183 1635 illa
1194 1591 1283 1635 aures

195 1681 302 1729 nostras
315 1679 480 1747 personent,
495 1669 565 1748 quid
580 1668 604 1728 si
617 1668 712 1748 ipsum
726 1668 915 1727 audiremus?
934 1678 1040 1727 utnon
1057 1668 1201 1728 immerito
1213 1668 1283 1728 Ma·

196 1761 341 1821 cedormm
358 1778 410 1817 rex
428 1756 585 1839 Philippus,
601 1771 703 1819 eontra
715 1777 803 1837 quem
823 1756 929 1817 uenter
946 1774 1063 1837 semper
1080 1758 1283 1831 invehebatur,

196 1872 263 1913 eum
275 1852 302 1910 ei
314 1852 444 1913 rectura
458 1853 602 1912 orationes
615 1851 718 1929 aliquae
730 1852 793 1926 ejus
803 1859 911 1919 emant,
926 1868 1023 1927 neque
1036 1869 1069 1910 se
1081 1851 1168 1910 alium
1180 1870 1284 1929 quem·

196 1945 283 2025 piam,
297 1962 383 2023 quam
395 1944 497 2023 ipsum,
511 1943 541 2001 in
554 1942 633 2001 bello
646 1941 799 2003 adversum
811 1959 845 2000 se
858 1940 1053 2001 consultorem
1064 1942 1155 2001 luisse
1169 1944 1283 2003 electu·

197 2056 262 2097 rum
277 2036 391 2096 dixerit.
407 2030 609 2112 orationesque
622 2032 701 2111 ipsas
714 2033 754 2091 oh
765 2032 824 2092 rim
836 2031 968 2104 mdonis,
983 2052 1070 2112 quam
1089 2053 1149 2113 pra
1161 2053 1194 2094 se
1205 2034 1287 2094 sere·

197 2131 277 2199 bant,
292 2146 358 2185 cum
371 2124 507 2185 Isocratis
519 2124 657 2203 quosdam
675 2123 792 2184 athletis
811 2140 831 2183 e
849 2124 985 2204 palesna
1002 2124 1108 2184 similes
1124 2125 1178 2184 sibi
1191 2123 1285 2184 videri

127 2260 130 2265 -
197 2218 377 2288 asseruisset,
391 2215 526 2276 militibus
540 2216 724 2295 comparavit,
739 2212 847 2295 quippe
859 2234 926 2275 cum
938 2216 981 2276 ita
994 2227 1117 2295 urgeant
1130 2236 1193 2277 rem
1205 2236 1286 2277 sem·

198 2331 260 2393 per,
275 2310 317 2369 ita
335 2309 453 2379 instent,
466 2308 507 2367 ita
519 2326 589 2367 rero
608 2308 775 2380 certamine,
790 2318 823 2366 et
834 2326 894 2366 non
906 2308 1051 2368 umbratili
1068 2328 1185 2387 semper
1197 2320 1285 2369 utan-

198 2416 255 2475 tur,
280 2412 315 2461 ut
330 2412 439 2461 terrere
457 2400 579 2460 veritate
598 2400 662 2479 ipsu
683 2412 713 2459 et
733 2420 840 2478 cogere
862 2400 1024 2461 rideantur.
1066 2400 1196 2465 Tametsi
1213 2401 1286 2460 mihi

199 2495 315 2577 quidem
336 2495 431 2564 etiam,
452 2492 521 2553 dum
540 2493 609 2572 lego
622 2494 862 2566 Demosthenem,
883 2512 1021 2574 arrogans
1041 2493 1234 2574 illaGorgire,
1252 2504 1286 2555 et

198 2591 379 2667 Protagoran,
401 2584 577 2666 aliorumque
590 2598 722 2647 veterum
741 2586 935 2665 sophistarum
952 2587 1093 2665 professio
1109 2606 1168 2645 non
1185 2586 1287 2648 admo·

198 2683 268 2743 dum
281 2680 405 2741 absurde
423 2690 554 2759 apparet,
573 2678 622 2758 qui
642 2678 788 2757 discipulis
807 2679 865 2738 suis
883 2679 1097 2757 pollicebantur
1110 2698 1144 2739 se
1156 2698 1208 2739 eos
1220 2696 1287 2739 esse

199 2784 261 2835 arte
275 2792 328 2833 sua
340 2772 465 2832 ciuilium
481 2771 717 2850 agendammque
727 2789 825 2829 rerum
840 2771 949 2849 peritos
963 2790 1029 2831 esse
1042 2770 1204 2832 effecturos.
1217 2790 1286 2830 nam

199 2868 223 2927 si
242 2866 273 2927 id
285 2865 448 2945 intelligere
464 2863 611 2936 volebant,
631 2862 656 2922 si
675 2860 738 2942 quia
754 2873 836 2923 recte
857 2874 1005 2942 praeque
1024 2863 1093 2923 artis
1112 2863 1217 2923 fumet
1237 2854 1287 2922 se-

199 2971 295 3029 cutus,
310 2969 398 3037 etque
418 2976 457 3018 ex
477 2976 577 3017 eorum
591 2955 784 3036 praefinitione
805 2957 835 3015 in
855 2956 1018 3017 dehuibus
1038 2967 1200 3036 opportune
1213 2955 1289 3015 deli·

201 3052 372 3122 berationes,
387 3060 419 3109 et
429 3050 550 3127 judicia,
566 3048 611 3107 vel
626 3048 712 3109 etiam
723 3049 981 3110 demonstrationes
995 3060 1209 3128 pertractasset,
1219 3036 1288 3108 eum

198 3165 258 3207 non
272 3146 453 3213 mediocrem¹
461 3143 573 3203 civilem
586 3142 717 3221 peritiam
731 3143 762 3201 in
776 3142 952 3202 orationibus
965 3141 1024 3199 suis
1034 3162 1096 3220 prta
1108 3143 1288 3211 relaturum,

199 3238 334 3318 quianon
348 3235 435 3305 videt,
449 3245 483 3293 ut
495 3234 622 3294 omittam
636 3234 751 3293 interim
765 3233 937 3292 inventionis
951 3250 1082 3301 acumen,
1094 3231 1288 3310 disposidonis

199 3342 268 3410 apta
287 3338 444 3405 momenta,
458 3326 628 3387 elocutionis
641 3325 860 3398 diluciditatem,
873 3336 905 3384 et
917 3323 1099 3403 gravitatem,
1113 3342 1149 3383 ac
1169 3324 1288 3383 demum

200 3420 323 3482 actionis
334 3436 474 3479 summam
486 3421 554 3491 vim,
567 3437 625 3497 qua
637 3429 777 3497 tanquam
794 3416 896 3495 quiritur
911 3416 1039 3494 quodam
1059 3414 1170 3494 reliqua
1189 3417 1288 3477 ornnia

200 3508 299 3574 nomer
310 3513 358 3571 hie
374 3522 471 3572 orator
483 3511 629 3583 estimavit,
643 3520 755 3569 tantam
767 3508 799 3565 in
809 3508 923 3588 scriptis
942 3512 1006 3582 ejus
1023 3507 1062 3566 ad
1073 3506 1141 3567 vitm
1153 3508 1289 3569 numme

200 3606 344 3667 actionem
359 3604 561 3684 pertinentium
574 3601 781 3663 sententiarum
795 3598 910 3678 copiam
923 3600 1030 3671 inesse,
1040 3610 1073 3659 ut
1085 3600 1289 3680 sapientissimi

200 3698 363 3780 philosophi
375 3714 497 3755 munere
509 3694 591 3774 iungi
604 3690 757 3753 videatur-t
775 3700 885 3751 tantam
902 3708 1014 3750 moram
1026 3692 1185 3762 civitatum,
1199 3701 1230 3752 et
1243 3711 1290 3751 re·

202 3810 267 3851 rum
279 3790 457 3872 publicarum
469 3784 721 3848 administrationis
736 3782 878 3861 peritiam,
894 3782 974 3843 unde
990 3783 1069 3844 saltu
1087 3784 1155 3862 ipsis
1172 3804 1291 3864 comps·

203 3878 295 3952 retur,
308 3881 386 3941 unde
399 3879 556 3960 perieulum
570 3888 601 3937 et
618 3874 760 3955 pernicies
772 3874 950 3954 impendeat,
962 3886 997 3934 nt
1014 3895 1053 3935 ex
1072 3880 1133 3951 ejus
1153 3876 1290 3951 lectione,

201 3972 228 4035 ai
248 3974 311 4054 quis
324 3972 477 4051 diligenter
494 3968 632 4039 aduerat,
654 3978 723 4037 tam,
743 3986 820 4047 pena
833 3966 968 4040 dixerim,
982 3968 1021 4028 ad
1039 3986 1087 4028 res
1104 3971 1235 4047 agendas
1247 3971 1293 4029 in·

205 4076 330 4129 structus
345 4063 538 4142 unusquisque
551 4060 641 4139 possit
654 4059 817 4133 discedere,
828 4080 914 4141 quam
922 4080 960 4121 ea
968 4060 1070 4139 quovis
1077 4063 1293 4123 accurathsimo

205 4156 363 4219 historico?
384 4154 445 4215 Sed
458 4154 520 4213 hae
532 4152 686 4223 hactsmus,
703 4170 740 4211 ne
759 4152 875 4232 ineptus
894 4152 1089 4226 existimensi
1108 4154 1210 4215 laudea
1228 4158 1294 4233 ejus

206 4249 331 4312 desudo
350 4246 492 4306 illustrare
511 4244 611 4305 ridear
623 4246 708 4315 velle,
729 4245 780 4326 qni
797 4246 925 4306 dicendo
945 4245 1072 4308 omniurn
1093 4266 1169 4325 pene
1192 4246 1294 4307 laudes

207 4340 381 4403 obscuravit
408 4338 485 4399 Haec
498 4338 574 4397 enim
586 4356 623 4398 ea
635 4338 674 4398 de
683 4356 774 4398 nausa
785 4339 864 4398 dicta
873 4357 892 4399 a
900 4358 948 4399 me
961 4350 1037 4409 sunt,
1051 4349 1084 4398 ut
1097 4338 1293 4417 eloquentiam

208 4436 284 4497 sicut
297 4432 413 4515 propria
425 4430 511 4495 lauda
523 4430 714 4494 fraudandam
727 4450 787 4491 non
800 4450 876 4507 esse,
889 4432 930 4493 ita
946 4449 1000 4492 sua
1010 4438 1122 4491 tantum
1130 4449 1216 4510 posse
1228 4450 1296 4493 erse
