2984 4917
209 312 258 382 llil
418 322 435 386 ,’
469 322 481 345 ³
511 310 971 378 ⁵-HIERONYM1WODF11
1011 331 1046 353 τ
1084 326 1091 346 =

210 468 406 550 tingitania
421 466 523 531 dlebus
538 470 624 529 horas
638 470 792 543 detineret,
801 484 902 552 ‘eaque
915 467 1065 551 provincia
1082 467 1204 548 optimas
1216 484 1304 549 quas·

210 584 269 643 que
289 565 375 625 horas
399 570 451 621 suo
471 562 525 622 sibi
542 568 610 639 jare
631 565 806 636 vendicaret,
831 565 1213 643 acsixdumaggressum,
1235 580 1303 622 cam

209 654 338 729 piissime
352 654 485 713 fervebat
497 654 619 725 animus,
634 657 763 717 emedio
782 658 955 737 plerumque
967 656 1057 715 veluti
1078 674 1164 715 cursu
1183 673 1304 714 revoca·

209 758 267 817 ret,
283 768 349 808 cum
360 768 419 807 non
431 759 462 807 ut
473 748 688 810 Demosthenes
702 750 730 814 in
744 752 934 811 subterraneo
944 768 1034 829 specu
1045 749 1161 808 abditus
1170 748 1304 820 laterem,

210 838 307 902 sedin
318 839 394 899 ‘loco
416 841 923 914 turbulentissimo‘versarer,adeo,
938 853 973 901 ut
990 842 1136 901 interdum
1156 858 1234 918 pene
1254 838 1306 896 ob·

211 930 413 989 surdescerem
430 932 551 1011 strepitu
566 943 596 992 et
609 933 780 993 clamoribus
800 934 965 993 hominum:
986 954 1046 993 non
1065 932 1192 1012 pluribus
1206 942 1309 990 tamen

211 1023 359 1095 mensibus
373 1024 417 1105 (id
430 1024 505 1102 quod
526 1026 706 1087 convictores
721 1026 778 1085 mei
797 1026 995 1099 etfamiliares
1008 1046 1067 1085 non
1087 1024 1175 1104 pauci
1188 1022 1305 1100 norunt)

212 1125 307 1187 totum
324 1115 414 1182 latine
439 1117 597 1197 conscripsi
618 1118 849 1178 Demosthenem
871 1119 908 1177 ab
927 1118 1011 1178 initio
1031 1136 1124 1197 usque
1146 1116 1185 1176 ad
1206 1116 1305 1194 finem,

211 1226 298 1285 quam
318 1208 367 1287 qui
388 1209 421 1267 in·
438 1219 483 1267 tot
503 1210 744 1289 occupationibus
764 1212 808 1271 ad·
818 1210 973 1289 diligenter
989 1208 1307 1289 perlegendum-requi·

210 1310 321 1361 rantur.
362 1302 461 1368 Quare
475 1302 553 1370 beati
568 1302 613 1363 isti
634 1315 665 1363 et
685 1304 778 1375 otiosi,
792 1304 850 1382 qui,
864 1304 887 1363 si
901 1322 987 1363 unam
1007 1315 1096 1382 atque
1108 1303 1232 1362 alteram
1243 1302 1307 1361 De·

212 1393 383 1465 memberis,
397 1404 448 1453 aut
468 1394 622 1465 Isocratis,
636 1396 795 1455 aliorumve
814 1397 987 1474 scriptorum
1005 1394 1226 1467 oratiunculam,
1244 1394 1307 1473 lons

211 1484 298 1563 giore
322 1484 411 1543 etiam
436 1486 539 1562 spatio,
561 1506 646 1563 quam
670 1488 818 1565 elephanti
841 1489 967 1567 pariunt,
990 1487 1188 1548 elucubratam
1208 1486 1309 1567 edide-

213 1577 281 1647 rint,
304 1574 342 1633 dii
363 1575 584 1647 sibi-videntur,
605 1577 694 1655 iniqui
720 1578 751 1636 in
771 1599 819 1637 me
836 1579 953 1653 judices
977 1598 1041 1638 esse
1065 1596 1124 1637 non
1147 1578 1308 1638 debebunt.

214 1668 282 1746 Ego
304 1666 390 1737 enim,
412 1668 436 1727 si
460 1667 578 1737 fortuna
601 1679 888 1748 pateretur,‘eorum
908 1668 1074 1728 tarditatem
1098 1670 1201 1729 imitari
1219 1669 1308 1731 facile

213 1776 346 1839 possem:
368 1760 423 1840 ipsi
443 1778 536 1829 meam
556 1761 792 1839 properationem
804 1760 928 1819 fortasse
941 1779 1001 1819 non
1013 1761 1205 1822 imitarentur.
1245 1762 1309 1822 Ne·

212 1866 289 1935 que'
305 1854 377 1920 hee.
406 1854 605 1913 ostentationis
638 1872 726 1911 causa
759 1853 828 1912 dico
857 1858 964 1931 (neque
998 1854 1074 1912 enim
1108 1855 1217 1927 nescio,
1248 1875 1309 1915 non

211 1958 271 2007 tam
291 1946 449 2013 celeritatis
469 1964 533 2005 esse
553 1944 790 2025 laudem„quam
809 1943 956 2023 bonitatis)
970 1946 1024 2005 sed
1045 1947 1214 2007 adveniam
1234 1948 1307 2007 dua·

212 2048 299 2101 taxat
317 2037 430 2097 facilius
449 2036 658 2115 impetrandam
678 2037 744 2095 volo
762 2036 917 2116 pertinere.
959 2037 1019 2097 Cur
1040 2039 1116 2098 enim
1134 2059 1193 2098 non
1211 2040 1310 2100 malim

214 2130 337 2191 solidam
356 2128 452 2208 potius
473 2129 590 2189 laudem
611 2139 757 2207 expetere,
778 2128 1007 2208 mora-longiore
1027 2130 1208 2211 interposita,
1221 2152 1309 2210 quam

215 2222 378 2301 aliquorum
392 2222 666 2302 reprehensionibus
687 2222 774 2281 nimia
792 2222 977 2283 festinatione
997 2224 1067 2284 dare
1085 2224 1206 2283 locum?
1235 2225 1310 2285 Sunt

213 2316 308 2393 enim,
323 2316 373 2394 qui
395 2335 514 2374 summas
528 2314 698 2375 temeritatis
718 2336 783 2375 esse
800 2326 949 2386 censeant,
966 2316 1046 2376 brevi
1064 2328 1199 2397 tempore
1212 2317 1313 2377 conari

216 2408 374 2488 quicquam
395 2408 426 2467 in
451 2408 662 2480 Demosthene,
686 2412 770 2486 quus
793 2428 894 2468 omnes
919 2409 1065 2468 orationes
1088 2409 1197 2469 fuerint
1221 2410 1310 2489 longo

217 2510 348 2579 tempore
362 2500 519 2562 meditatae.
562 2500 645 2571 Sunt,
662 2502 712 2579 qui
731 2512 849 2560 aetatem
863 2520 958 2561 meam
972 2503 1140 2580 exagitent:
1167 2513 1249 2576 sunt,
1260 2501 1310 2585 qui

217 2614 301 2655 usum
314 2614 410 2654 rerum
424 2595 454 2653 in
468 2614 515 2653 me
529 2594 704 2655 desiderent.
740 2595 830 2660 Quasi
843 2614 910 2653 vero
924 2605 976 2654 aut
987 2595 1065 2653 idem
1078 2597 1116 2656 sit
1129 2607 1311 2668 convertere,

217 2688 298 2765 quod
312 2687 513 2747 conscribere:
532 2698 583 2747 aut
598 2685 718 2757 Nestor,
730 2698 885 2765 antequam
899 2687 954 2746 tria
964 2687 1088 2747 vixisset
1100 2688 1209 2760 secula,
1223 2688 1310 2747 horno

218 2801 277 2841 non
291 2780 397 2841 suerit:
424 2790 474 2841 aut
483 2780 698 2859 grammaticus,
712 2779 740 2838 in
752 2780 867 2859 optimis
881 2779 1029 2858 utriusque
1043 2780 1151 2861 linguas
1164 2780 1312 2859 scriptori-

219 2876 274 2937 bus
289 2876 327 2957 ab
340 2875 459 2945 ineunte
471 2886 603 2937 versatio
613 2884 711 2945 etate,
720 2893 839 2933 munere
853 2894 906 2933 suo
916 2874 999 2953 fungi
1009 2885 1145 2953 nequeat,
1158 2873 1311 2945 nisiidem,

217 2968 468 3046 quemadmodum
487 2967 659 3026 Alexander
677 2966 816 3044 Magnus,
838 2966 916 3026 orbis
934 2976 1074 3027 terrarum
1093 2965 1246 3048 imperium
1260 2963 1311 3023 ad·

217 3059 409 3119 ministrarit?
431 3059 574 3117 Ridicula·
588 3052 830 3116 sunt‘istiusinodi
845 3057 1051 3127 cavillationes,
1066 3059 1171 3137 etipsa
1184 3058 1312 3117 malevo-

219 3150 309 3209 lentia
319 3152 440 3227 jejune.
480 3148 559 3206 Nam
578 3148 650 3206 illud
667 3148 802 3225 profecto
820 3167 877 3204 non
889 3148 976 3206 valde
990 3147 1089 3217 metui,
1104 3167 1141 3204 ne
1156 3148 1220 3225 quis
1234 3148 1313 3208 banc

218 3242 299 3307 uelut
312 3241 448 3301 adoream
463 3239 531 3297 mihi
546 3238 724 3317 preriperet.
767 3239 873 3318 Neque
893 3238 970 3297 enim
988 3238 1013 3295 is
1027 3249 1072 3296 est
1085 3238 1312 3313 Demosthenes,

219 3333 319 3412 quise
333 3332 379 3392 vel
399 3330 458 3409 legi
478 3330 515 3388 ab
537 3330 678 3401 omnibus,
700 3331 809 3390 nedum
829 3330 959 3389 converti
979 3330 1117 3409 patiatur.
1157 3331 1198 3403 Et
1218 3333 1313 3413 quiid

218 3436 339 3506 possent
352 3425 381 3483 in
395 3424 490 3495 Italia,
503 3422 611 3493 Gallia,
626 3423 794 3494 Germania,
805 3434 894 3501 atque
906 3423 970 3483 alils
983 3425 1154 3497 nationibus,
1163 3426 1193 3486 in
1206 3428 1312 3507 quibus

219 3518 367 3585 literarum
388 3515 482 3577 studia
506 3516 623 3589 florent,
639 3516 804 3596 complures
822 3516 927 3575 eruditi
945 3518 1101 3594 majoribus
1115 3531 1168 3580 aut
1187 3522 1313 3602 splendi-

221 3610 352 3683 dioribus
363 3608 499 3687 occupati
518 3610 615 3680 rebus,
629 3608 836 3669 scholasticum
854 3609 921 3681 hoc,
941 3621 1030 3690 atque
1051 3612 1127 3672 adeo
1148 3615 1313 3692 grammati·

221 3721 288 3762 cum
302 3702 511 3780 interpretandi
525 3720 621 3779 graeca
633 3720 738 3760 munus
752 3699 914 3779 negligunt.
951 3703 1011 3763 Sed
1025 3704 1090 3763 dure
1104 3725 1210 3765 meres
1223 3707 1312 3766 vehe-

219 3805 335 3855 menter
354 3794 527 3855 incitarunt:
556 3812 616 3853 una
635 3802 688 3864 est,
710 3811 746 3851 ac
766 3792 924 3872 praecipua,
945 3795 1118 3856 valetudinis
1138 3799 1237 3876 (quam
1258 3818 1313 3877 per

219 3887 387 3962 servitutem
409 3886 577 3966 etinopiam
591 3886 658 3945 satis
672 3905 774 3945 curare
792 3886 942 3960 nonlicet)
956 3890 1169 3969 perpetua-lere
1182 3890 1313 3951 imbecil-

219 3980 296 4050 litas,
319 3999 392 4059 quau
405 3979 435 4039 in
456 3979 513 4037 boc
531 3998 620 4058 opere
640 3978 821 4038 laborantem
841 4000 900 4041 non
920 3983 1016 4042 semel.
1030 3982 1061 4041 ia
1079 3982 1313 4064 desperationem

219 4074 286 4141 sitae
299 4072 433 4147 conjecit.
476 4072 535 4142 Sic,
549 4090 617 4150 quse
637 4089 683 4130 res
702 4070 773 4131 alios
785 4074 936 4151 segniores
954 4076 992 4134 ad
1010 4075 1140 4135 laborem
1153 4076 1261 4149 reddit,
1275 4096 1313 4137 ea

220 4166 292 4232 mibi
312 4164 415 4242 ingens
434 4164 530 4225 calcar
550 4162 672 4235 addidit,
690 4163 841 4232 metuenti,
861 4186 899 4226 ne
916 4178 1045 4247 coeptum
1064 4186 1148 4247 opus,
1166 4168 1196 4227 in
1213 4168 1312 4229 medio

220 4258 312 4319 veluti
324 4276 421 4328 cursu,
436 4256 588 4325 immatura
601 4266 692 4316 morte
705 4256 935 4335 abrumperetur.
976 4260 1094 4319 Deinde
1106 4260 1228 4321 verebar
1241 4263 1313 4341 (non

182 4386 187 4391 ·
221 4350 339 4427 ignaram
358 4349 410 4409 fati
425 4350 491 4419 mei,
506 4367 553 4408 me
567 4368 708 4427 nusquam
729 4348 791 4409 fere
812 4350 924 4416 diuum,
937 4352 1099 4413 consistere
1115 4354 1313 4434 patientis)na
1406 4428 1409 4435 Ι

221 4440 292 4507 mihi
304 4441 551 4515 moabeuddurn,
564 4452 596 4501 et
609 4452 672 4504 tota
685 4442 760 4503 ratio
770 4444 932 4504 studiorum
947 4443 988 4523 (id
1002 4444 1080 4526 quod
1095 4446 1125 4505 in
1144 4449 1314 4527 peregrina·
