2984 4917
224 270 315 355 mis
355 294 398 355 rr.
420 294 576 358 woarrr
599 296 660 357 nn
683 294 1051 362 suumnaurosrrr.
1069 298 1293 380 snmrrrr.

226 460 264 511 et
283 452 407 515 honesto
419 453 492 525 viro,
509 452 626 513 Simone
642 452 787 527 Fabricio,
796 441 916 515 'scholae
927 452 1044 516 ‘nosue
1056 454 1195 535 magistro
1205 454 1333 536 diligen·

228 544 352 617 tissimo,
368 548 452 623 cujus
466 556 497 606 et
510 540 619 624 ingenii
639 540 773 617 acumen,
794 558 826 606 et
844 546 1106 621 acies‘oculorurn,
1125 560 1158 609 et
1176 549 1208 607 in
1228 548 1332 627 grecis

231 636 323 697 literis
340 637 484 712 judicium
506 650 595 717 atque
618 638 792 698 exercitatio
815 651 887 699 nota
906 640 977 699 mihi
990 651 1077 711 uasat,
1091 650 1126 699 ut
1137 659 1205 700 ιιιιι
1216 640 1332 719 provin·

231 728 309 787 ciam
323 728 359 808 (si
377 740 428 789 aut
441 750 489 791 res
501 730 671 790 facultatem
688 732 820 803 haberet,
838 742 899 802 sut,
912 731 938 791 si
952 732 1033 812 quod
1045 752 1144 811 operre
1156 731 1285 812 pretium
1297 750 1332 792 so

230 819 378 879 facturum
396 840 461 881 esse
480 822 653 901 confideret)
675 823 899 902 susciperemus
921 835 1101 901 gravaretur.
1141 824 1179 883 In
1199 843 1259 902 quo
1278 823 1332 885 illa

229 911 302 971 milri
317 933 369 993 pro
378 914 600 975 necessitudine
613 912 709 975 nostra
722 934 782 974 non
794 914 883 974 modo
901 916 1024 994 privata,
1038 915 1091 976 sed
1104 914 1194 975 etiam
1202 914 1332 993 publiea,

231 1008 343 1075 (sumus
357 1000 434 1064 enirn
448 1006 573 1085 collegas
591 1006 622 1064 in
644 1007 750 1067 eodem
763 1026 877 1085 grancas
898 1007 1062 1085 latinusque
1081 1006 1182 1067 literas
1201 1006 1330 1065 docendi

231 1097 367 1171 muneret
382 1108 413 1156 et
423 1099 462 1157 ub
476 1098 518 1157 rei
531 1098 668 1158 literaria
681 1100 888 1177 promovende
896 1099 1025 1159 studium
1037 1099 1117 1158 haud
1130 1098 1256 1176 graviter
1266 1109 1331 1159 mo'·

233 1206 294 1247 rern
305 1189 407 1267 gessit,
422 1200 521 1268 atque,
532 1208 622 1271 opere
633 1190 783 1262 confecto,
797 1188 855 1249 hoc
869 1190 1009 1250 modoad
1021 1209 1069 1249 me
1081 1188 1218 1269 acripritz

561 1386 569 1397 .
679 1324 789 1421 optimo
813 1344 881 1405 roo
1070 1379 1074 1386 -

439 1490 445 1517 .·
476 1446 1076 1527 HIERONYMOWOLFIO
1121 1485 1125 1492 ·

548 1572 690 1652 Compatri
707 1594 759 1635 sao
777 1576 855 1635 unice
873 1574 985 1635 coleadc

244 1720 247 1729 ,
702 1692 704 1697 ’
766 1697 796 1741 a.

234 1791 237 1799 ⁴
271 1774 389 1841 Mrsro
405 1775 443 1835 ad
456 1786 496 1848 te,
509 1772 548 1835 mi
562 1771 741 1855 optatissime
753 1785 914 1855 compater,
923 1772 1101 1835 Orationurn
1114 1772 1329 1847 Demostheni:

151 1860 156 1865 ’
232 1886 329 1928 carum
336 1869 503 1948 exemplar,
517 1868 548 1939 in
561 1886 621 1948 quo
631 1868 725 1927 varias
738 1884 774 1927 ac
783 1868 913 1929 diversas
922 1868 1066 1929 lectiones
1075 1887 1114 1927 ex
1120 1867 1214 1929 veteri
1222 1886 1328 1929 mana·

231 1954 468 2041 scripto-codice
486 1959 642 2039 diligenter
663 1971 694 2020 et
714 1971 853 2021 accurate
872 1972 1037 2041 perspecto,
1054 1970 1090 2021 et
1107 1960 1147 2021 ad
1165 1960 1329 2021 editionem

232 2054 452 2131 Herragianam
467 2053 587 2124 collato,
600 2052 752 2113 bonafide
769 2052 877 2124 notavi,
891 2052 1048 2131 multisque
1065 2052 1098 2111 in
1108 2051 1180 2111 locis
1193 2051 1328 2129 granim-

230 2159 311 2205 mum
325 2164 361 2206 ac
375 2143 644 2225 eloquentissimum
659 2153 806 2205 oratorem
818 2144 896 2204 frede
907 2164 945 2205 ac
956 2144 1081 2223 turpiter
1093 2142 1257 2203 mutilatum
1271 2143 1328 2203 ds·-

230 2246 440 2317 pravatumque
454 2238 579 2298 offendi:
597 2238 720 2316 ¹(proeter
733 2238 809 2298 enim
826 2238 980 2297 innumera
991 2256 1069 2317 pene
1082 2234 1192 2295 librarii
1207 2236 1328 2308 manda,

173 2332 174 2340 ’
232 2330 512 2408 constructionisqire
524 2330 678 2389 verborum
691 2330 949 2408 perturbationem,
962 2327 1089 2407 integros
1100 2326 1247 2388 interdum
1261 2346 1327 2387 ver·

230 2410 278 2482 sus
292 2412 452 2502 platenam
466 2432 554 2501 atquc
564 2421 683 2481 omissos
696 2422 804 2500 reperi)
816 2438 903 2502 quern
910 2430 1008 2480 tamen
1016 2420 1125 2491 studio,
1136 2437 1226 2497 opera
1235 2429 1326 2499 atque

229 2514 371 2573 industria
383 2524 434 2574 tua
447 2513 629 2594 perpolitum,
641 2513 862 2593 integritatique
875 2532 913 2573 ac
925 2512 1011 2572 nitori
1026 2531 1080 2571 suo
1091 2510 1269 2583 restitutum,
1280 2510 1327 2573 sic

225 2610 288 2683 jam
309 2608 455 2667 exiturum
479 2625 640 2685 speramus,
661 2616 695 2664 ut
716 2624 776 2665 non
799 2607 893 2665 multa
910 2605 943 2663 in
966 2608 1031 2683 ejus
1053 2604 1240 2676 orationibus,
1262 2604 1328 2666 sive

230 2691 416 2777 splendorem
435 2699 599 2770 verborum,
621 2697 682 2757 sive
702 2700 910 2759 sententiarum
928 2708 1099 2757 ornamenta
1121 2707 1250 2777 spectes,
1271 2698 1326 2758 lto·

230 2788 323 2851 mines
337 2790 480 2869 ingeniosi
501 2810 536 2849 ac
550 2790 630 2849 docti
652 2790 843 2850 desideraturi
855 2803 935 2851 sunt.
977 2791 1044 2869 Ego
1063 2798 1174 2849 tantm
1187 2790 1329 2868 protecto

229 2884 338 2945 veteris
349 2882 460 2944 codicis
471 2882 635 2963 antiquitati
647 2883 756 2955 tribuo,
768 2895 802 2944 ut
812 2884 836 2945 is
845 2883 1125 2968 velproptersolam
1136 2898 1328 2943 numerorum

230 2968 455 3037 concinnitatem
470 2986 502 3036 et
515 2977 687 3035 suavitatem
701 2976 903 3039 admirabilem
916 2976 1134 3057 compositionis
1146 2974 1243 3057 (que'
1234 2995 1265 3035 ιιι
1281 2977 1329 3037 al·

229 3078 292 3129 t'ara
312 3068 439 3129 editione
453 3067 611 3128 desiderari
628 3064 726 3147 aliqua
741 3046 780 3129 eir
799 3082 884 3149 parte
896 3072 1025 3145 ridetur)
1036 3067 1161 3147 publicis
1181 3068 1327 3130 sumtibus

230 3172 310 3220 totus
325 3160 541 3230 describendus,
557 3158 773 3238 pervulgandus
782 3172 873 3240 atque
885 3161 1020 3221 edendm
1028 3158 1099 3219 mihi
1108 3159 1324 3225 madeant.

271 3254 431 3312 Nemeum
452 3249 527 3311 unirs
547 3250 793 3313 Demosthenes
784 3265 862 3313 mter
881 3272 982 3313 omnes
1000 3260 1131 3310 oratores
1146 3268 1259 3327 grecos
1273 3272 1325 3313 ex·

231 3350 362 3421 celleret,
375 3347 456 3427 quod
474 3366 617 3428 summam
636 3346 831 3427 prudentiam,
850 3365 1052 3426 summamque
1064 3344 1123 3405 vim
1141 3344 1266 3408 haberet
1279 3348 1327 3408 di·

231 3442 327 3512 cendi,
349 3444 412 3519 ejus
431 3439 553 3504 fulmina
571 3440 616 3519 (ut
633 3440 725 3520 inquit
738 3440 858 3519 Cicero)
871 3459 930 3499 non
950 3438 991 3498 ita
1004 3438 1174 3511 vibrassent,
1192 3438 1248 3499 nisi
1268 3460 1324 3501 nu·

229 3534 316 3593 meris
330 3542 467 3592 contorta
479 3531 637 3601 ferrentur,
652 3550 775 3611 quorum
788 3552 846 3592 ceu
859 3532 1038 3591 lineamenta
1056 3549 1094 3591 ac
1106 3530 1230 3610 vestigia
1242 3551 1325 3611 quaa·

228 3626 295 3685 darn
305 3624 462 3703 singularia
473 3624 504 3682 in
517 3624 714 3703 manuscripto
724 3624 830 3685 codice
838 3644 980 3705 apparere
990 3633 1078 3702 atque
1092 3621 1222 3703 conspici
1234 3643 1325 3703 possa

229 3714 374 3777 iristimo.
415 3716 555 3777 Continet
581 3716 605 3775 is
626 3716 701 3775 liber
725 3716 790 3778 fera
815 3736 916 3777 omncs
940 3711 1152 3779 Demosthenis
1176 3716 1324 3778 orationes

226 3820 335 3891 praeter
350 3810 506 3883 ἐπιστολήν
525 3812 673 3890 φιλίππου,
691 3808 893 3890 Δημοσθένους
911 3810 1072 3881 ἐπιστολὰς,
1092 3811 1226 3887 προοίμια
1235 3806 1326 3885 δημη-

230 3908 339 3982 7opurd,
361 3900 508 3983 ἐπιτάφιον
522 3906 567 3962 rol
585 3903 715 3983 ipos-asos·
728 3904 878 3991 loyor,
847 3927 898 3962 τοι
917 3913 1027 3982 rrps'rror
1048 3904 1093 3961 nal
1111 3900 1236 3976 torpor
1249 3904 1323 3961 ned

229 4000 365 4075 στεφάνου
378 3994 632 4076 ψευδομαρτυριῶν,
643 3995 693 4054 τὸν
705 3998 777 4055 suris
790 3994 904 4074 eia'pyou
913 3998 960 4054 rui
971 3990 1179 4075 μησιβονλυι,
1192 3992 1242 4052 tir
1250 3994 1324 4071 πρὸς

230 4088 445 4159 κάλλιπον,
415 4112 464 4147 τοι
477 4092 547 4146 κατὰ
559 4092 680 4193 venipqc.

233 4178 392 4240 Scholia
402 4198 516 4259 qunque
530 4198 627 4258 graeca
639 4179 669 4237 in
682 4178 814 4258 margine
827 4190 928 4239 nomta
941 4176 1173 4257 descriptionalis,
1182 4182 1269 4255 atqua
1282 4176 1324 4240 ad

227 4270 259 4335 ie
272 4271 429 4333 misissem:
451 4272 504 4331 sed
513 4270 598 4331 ¹video
610 4272 754 4352 pleraque
764 4290 828 4331 esso
842 4273 947 4332 eadem
961 4292 1028 4333 cum
1041 4270 1086 4341 iis,
1099 4288 1167 4350 quae
1178 4268 1210 4329 in
1222 4288 1326 4331 exem·

227 4366 304 4449 piari
313 4386 410 4445 graeco
422 4364 592 4426 Lutecianse
607 4362 742 4424 editionis
755 4365 948 4444 reperiuntur.

232 4460 248 4487 ⁹
267 4460 425 4540 Reliquum
438 4469 493 4533 est,
507 4470 541 4518 ut
561 4457 632 4538 ipss,
648 4476 735 4537 quarn
754 4476 856 4519 omnes
874 4456 995 4528 inomni
1013 4454 1125 4531 judicio
1139 4453 1325 4533 elegantissi-
