2984 4917
388 296 459 359 AD.
473 294 598 359 SUUM
616 296 844 360 notros'rtt.
864 295 1080 360 Ponetur.
1220 296 1293 360 lnril

183 452 985 537 Qsmmwpsrpewmus
1005 452 1293 533 Exugutnrsm

181 550 269 621 erbe,
287 568 377 629 qoam
391 548 571 611 Ptolemem
584 548 780 622 Vindelicum,
793 546 952 609 lllretiostn
971 545 1021 609 elii
1035 548 1203 627 Angustum
1230 544 1290 617 tiu

179 640 293 705 dms
335 640 438 703 ldibus
451 641 587 721 Augnsti,
600 640 692 703 nsteli
704 660 783 705 meo.
824 639 912 701 Anno
924 639 1068 701 restituto
1085 636 1215 703 hum
1234 647 1289 719 ςι-

180 732 248 796 uri
266 732 370 797 stlnt'u
390 750 474 796 m.
487 752 564 795 nn.
1084 776 1100 789 .
1270 728 1273 733 ’

452 986 790 1066 HIERONYMI
817 986 1025 1085 WOLFII

286 1134 459 1219 OElingrsrir
472 1140 511 1201 od
520 1142 663 1201 condidere
673 1141 802 1200 lectorem
814 1139 844 1199 is
860 1138 975 1217 Ulpiani
987 1140 1187 1200 convertionem

329 1244 334 1252 ’
661 1244 809 1327 Proesotio.

223 1358 286 1435 Est,
298 1358 424 1425 eundide
436 1360 539 1435 lector,
555 1362 677 1425 eltersnr
690 1361 824 1443 promissi
835 1359 943 1423 lsboris
953 1371 1078 1441 portem,
1088 1358 1209 1441 Ulpiani
1222 1358 1289 1425 tle»

180 1452 255 1514 toris
275 1472 295 1513 x
314 1464 346 1513 et
360 1470 427 1514 vm
442 1454 606 1517 orstionum
620 1454 831 1517 Demosthenis
843 1453 1066 1525 enarrationem,
1081 1453 1168 1517 eitius
1186 1452 1286 1527 etism,

181 1564 347 1624 quamtum
360 1548 528 1626 pollicitus:
548 1568 622 1629 opus
636 1548 731 1611 minus
743 1548 868 1609 sortasse
881 1547 961 1609 lectu
971 1546 1146 1622 ineundum,
1158 1546 1213 1609 sed
1225 1557 1287 1608 stu·

182 1640 545 1715 diesis-odolescentibus,
570 1654 604 1703 ut
630 1642 700 1703 mihi
727 1640 905 1720 persnsdeo,
928 1659 987 1699 nou
1013 1639 1117 1701 inutile
1143 1638 1288 1702 littorum.

181 1734 260 1803 Quos
273 1732 360 1795 etism
374 1752 464 1795 esuss
475 1734 542 1807 fuit,
556 1744 589 1797 nt
609 1732 842 1797 molestissimum
862 1732 992 1793 laborem
1010 1731 1092 1794 hune
1105 1751 1213 1813 erpere
1226 1752 1288 1795 non

177 1827 236 1891 sim
250 1838 399 1907 grsrmun,
416 1838 450 1890 ,et
462 1844 608 1891 summum
627 1827 769 1890 derorsrs
790 1824 923 1902 tndiunu
936 1824 1018 1905 quod
1029 1836 1172 1905 qumtum
1185 1824 1286 1897 suerit,

179 1921 200 1984 ii
221 1920 341 1982 demum
361 1920 540 2001 intelligent,
553 1920 604 2000 qui
625 1920 749 1982 mendas
770 1918 871 1980 Greci
890 1917 1013 1991 podicis,
1032 1917 1063 1982 ln
1083 1917 1205 1997 singulis
1223 1917 1289 1980 fers

179 2012 295 2098 popinis
314 2011 452 2085 infinitas,
474 2012 667 2073 observarint.
717 2012 770 2073 Ad
782 2012 849 2076 lteo
863 2011 925 2091 ipss
938 2011 1212 2075 nommentetiorurn
1231 2028 1284 2071 ns·

177 2116 246 2173 turs
259 2114 305 2165 est
317 2104 394 2175 telin,
407 2116 441 2167 ut
455 2105 572 2167 modice
584 2106 740 2185 voluptatis
755 2105 899 2169 illecebrs
909 2104 1042 2165 laborem
1054 2115 1087 2165 et
1098 2101 1286 2183 defetigetim
1403 2150 1433 2175 ,

179 2218 249 2263 nem
266 2198 368 2259 levent
386 2198 562 2277 interpretis,
575 2199 693 2259 nmetsi
716 2197 944 2259 emendatissimi
964 2208 1080 2259 essent:
1101 2207 1132 2261 st
1145 2206 1180 2260 ut
1192 2194 1286 2257 leoto-

179 2310 245 2353 rem
268 2289 428 2369 requirent,
453 2288 667 2353 difficuutibus
692 2290 835 2370 eliquibus
858 2289 1041 2368 intelligendi
1062 2288 1154 2369 ipsius
1178 2287 1288 2351 tutor'u

177 2380 410 2444 conflictantem,
451 2383 526 2449 Qum
539 2400 586 2443 res
606 2402 664 2443 uon
677 2382 741 2443 lere
753 2382 836 2453 feeit,
850 2392 892 2455 ut,
907 2402 974 2462 quse
986 2400 1041 2466 per
1053 2401 1086 2441 se
1101 2379 1184 2443 utilis
1202 2391 1282 2451 sunt,

178 2493 240 2535 nnn
254 2472 344 2536 modo
356 2472 430 2533 eitra
439 2472 597 2545 festidium,
613 2473 666 2535 sed
677 2492 787 2557 ineps
799 2474 890 2535 etiem
903 2492 971 2534 enm
985 2472 1125 2535 avidum
1137 2473 1286 2553 leguntur.

179 2564 246 2630 Etsi
260 2574 359 2627 nutem
372 2584 432 2625 non
445 2565 559 2637 dubito,
580 2586 645 2627 esre
659 2566 796 2647 plurime,
809 2576 871 2656 tupi
885 2567 1085 2645 grammatice,
1108 2580 1171 2625 tum
1191 2579 1288 2628 orsto·

178 2658 232 2729 ris,
246 2677 314 2737 qum
327 2655 478 2721 studiosus
488 2657 584 2719 lector
605 2657 743 2738 explicsri
763 2658 819 2727 sibi
831 2658 1000 2737 diligentius
1012 2669 1045 2719 et
1061 2658 1220 2738 eopiosior,
1240 2669 1285 2721 et·

176 2769 238 2831 que
257 2748 345 2811 etiem
361 2747 514 2809 dilucidius
533 2760 635 2829 optet:
656 2770 715 2813 non
735 2760 834 2813 tomen
854 2750 1011 2829 objiciendi
1030 2749 1162 2816 videntur
1174 2750 1195 2811 ii
1207 2751 1284 2830 libri,

177 2842 239 2925 qui,
254 2862 322 2905 cum
336 2840 427 2903 mults
446 2840 531 2903 utilis
544 2843 723 2915 contineant,
737 2842 873 2925 quedem
893 2842 982 2903 etism
1002 2858 1223 2921 supervacanee
1235 2841 1286 2903 sd·

179 2934 314 3007 miscent,
330 2934 465 3015 quedem
484 2934 654 2995 necessaris
674 2944 863 3015 pretereunt.
904 2934 954 2993 De
968 2932 1072 3013 qulbus
1091 2932 1285 2998 incommodis

180 3046 241 3107 ego
264 3046 378 3107 quoque
401 3027 533 3087 inomni
554 3026 831 3089 commentoriomm
854 3044 965 3105 genere
987 3044 1103 3086 meeum
1123 3022 1284 3103 sepissime

180 3136 307 3201 queror:
327 3131 357 3181 et
370 3132 481 3191 umen,
495 3140 562 3181 eum
577 3120 686 3201 cogito,
697 3121 721 3181 ti
734 3119 805 3179 mihi
819 3119 850 3179 in
863 3118 970 3181 eodem
983 3126 1155 3198 argumento
1167 3136 1285 3179 remen·

179 3212 251 3281 dum
265 3224 353 3287 esset,
373 3232 422 3273 me
435 3232 556 3294 quoquo
569 3215 775 3293 prestiturum,
786 3212 911 3277 sonasse
930 3232 991 3273 non
1003 3213 1083 3291 quod
1097 3210 1215 3282 vellem,
1230 3210 1286 3273 sed

178 3304 261 3387 quod
273 3325 401 3385 possem,
415 3304 529 3367 senlem
547 3306 599 3379 do,
620 3317 652 3367 et
672 3306 742 3367 boni
763 3305 889 3367 ooosulo
907 3324 954 3376 es,
975 3304 1083 3384 quibus
1103 3304 1143 3363 illi
1165 3304 1285 3366 undere

178 3396 299 3461 meliors
317 3417 378 3457 non
398 3407 565 3477 potuerunt.
610 3400 785 3479 Qnannem
799 3398 829 3457 in
844 3397 903 3457 hoe
916 3407 1016 3457 nostro
1029 3406 1197 3457 enerrstore
1208 3395 1285 3471 iujo·

178 3488 221 3549 rie
234 3500 412 3570 temporum,
426 3500 458 3549 et
471 3490 651 3570 quorundum
665 3490 827 3561 temeritas,
841 3490 893 3569 qui
912 3487 944 3548 in
956 3486 1057 3549 olienis
1070 3488 1151 3549 libris
1163 3487 1211 3547 vel
1224 3508 1286 3547 mu·
1313 3516 1318 3525 ·

178 3581 307 3653 tilsndis,
317 3581 364 3642 vel
379 3582 641 3660 supendimus:
656 3582 836 3647 diversorum
851 3580 977 3660 seriptis,
991 3580 1079 3642 striis
1091 3580 1174 3659 qussi
1186 3590 1286 3641 cento·

178 3674 263 3735 nibus
276 3673 447 3745 sarciendis,
463 3694 579 3734 omnem
592 3672 741 3735 licentiam
755 3673 812 3735 sibi
826 3684 955 3743 osmunt,
969 3671 1128 3733 maximum
1141 3671 1286 3733 sustinere

178 3765 274 3846 enlpoe
283 3776 399 3846 portem
412 3764 537 3827 ridetur.
580 3765 642 3826 Sed
653 3764 681 3825 in
694 3764 752 3825 hoe
764 3785 819 3825 suo
830 3765 954 3843 quisque
962 3762 1075 3839 judicio
1085 3762 1209 3827 frustm.
1228 3762 1286 3827 Me

179 3858 299 3940 quidem
311 3857 470 3937 Ulpianum
484 3856 591 3937 legisse
605 3877 664 3917 non
677 3857 824 3937 poenituit,
834 3865 957 3936 propter
969 3866 1000 3915 et
1012 3854 1148 3916 bistonios
1161 3856 1287 3917 nermnl·

179 3950 222 4012 les
235 3947 390 4021 indicates,
405 3960 437 4011 et
449 3950 595 4011 vocabule
607 3948 752 4031 exposite,
767 3960 799 4009 et
812 3947 964 4011 artificium
977 3946 1076 4011 multis
1088 3948 1118 4007 in
1130 3948 1205 4009 loo'ls
1219 3965 1287 4009 eru·

179 4041 252 4109 dite,
266 4040 322 4101 nisi
335 4040 430 4115 fallor,
453 4042 638 4121 explicatum.
688 4041 723 4101 ln
744 4034 943 4103 convertendo
962 4038 1081 4121 quidem
1103 4057 1226 4121 magnos
1242 4040 1286 4102 le·
1357 4078 1361 4096 .

178 4134 277 4205 bores,
291 4144 323 4195 et
332 4153 394 4193 oon
406 4153 512 4214 pereso
524 4132 672 4197 molestis·
682 4153 753 4195 cnm
765 4122 906 4214 ceperim,
920 4132 1020 4197 neseio
1032 4143 1141 4205 tomen,
1153 4152 1193 4195 sn
1205 4132 1285 4193 tsesa

178 4224 234 4287 rim
249 4244 350 4306 operes
362 4225 489 4307 pretium
501 4246 510 4286 ι
530 4246 591 4289 non
603 4225 683 4307 quod
696 4226 775 4307 ipsos
788 4226 1012 4287 commentarios
1023 4224 1221 4306 sspsrnsndos
1230 4222 1288 4283 du·

177 4336 245 4381 enm
260 4316 310 4397 (de
326 4318 432 4398 quibus
450 4318 522 4399 quid
540 4316 675 4391 wntim,
694 4317 832 4399 exposui)
853 4318 910 4379 sed
929 4317 1011 4399 qnod
1032 4315 1063 4377 in
1082 4317 1118 4377 iis
1138 4324 1219 4377 unte
1239 4322 1287 4375 ert

179 4406 336 4475 difficule
349 4410 512 4493 interpreti,
526 4422 560 4473 ut
573 4410 703 4492 superui
722 4410 802 4474 nulls
814 4409 928 4473 retione
940 4428 1029 4489 poste
1042 4407 1184 4471 ridentur.
1226 4405 1289 4469 Pri·
