2984 4917
203 311 316 373 xxxviii
533 302 787 379 HleubNYtss
799 309 961 380 ³w01n=11
993 306 999 355 ἶ
1065 304 1081 357 '-

204 465 279 525 virili
298 464 513 529 elaborandum.
555 470 589 531 ld
604 474 684 553 quod
698 470 727 532 in
740 472 820 534 bunc
839 473 933 552 usque
949 459 1145 533 diem-iacere
1163 484 1225 527 non
1244 462 1306 529 dit

205 561 286 629 sisto,
295 564 405 639 majore
419 562 535 622 omnino
548 567 746 638 contentione,
761 566 797 647 (si
809 565 880 645 qnid
893 565 1051 625 amicorum
1065 560 1301 649 reprehensioni·

205 652 261 710 bus
280 652 458 713 credendum
478 655 535 730 est)
547 676 634 735 quam
647 658 723 718 vires
743 678 781 717 ac
792 657 932 718 valetudo
944 676 1009 717 mea
1020 655 1180 736 patiuntur·
1219 654 1304 713 Cum·

205 744 283 803 enim
301 746 427 807 docendi
447 750 596 827 provincia
617 770 665 810 me
684 750 751 831 plus
774 752 845 815 satis
865 760 1014 822 exerceat,
1035 746 1174 828 quicquid
1193 745 1304 824 reliqui

204 838 342 915 temporis
356 838 450 911 datur,
464 840 495 899 id
507 841 681 913 universum,
695 862 774 923 saepe
788 842 875 922 genio
888 842 1071 911 defraudato,
1086 837 1222 918 legendo,
1235 850 1304 895 me*

205 928 338 1003 dimndo,
358 920 513 993 scribendo
532 952 682 995 consumo.
722 935 809 1001 Quod
822 954 875 994 cur
886 934 1002 1005 faciam,
1023 932 1125 1011 siquis
1139 950 1188 989 me
1200 938 1296 1007 rogat,

204 1020 351 1081 verissime
363 1025 537 1104 respondeo,
551 1044 599 1085 me
618 1027 681 1087 sine
690 1046 801 1105 magna
810 1026 897 1086 animi
907 1025 1039 1086 molestia
1049 1042 1108 1083 uon
1118 1022 1303 1101 stiterposse

204 1112 321 1173 lacere:
344 1114 406 1175 sive
418 1116 485 1196 qnia
498 1117 541 1183 sic
555 1118 676 1189 assuevi,
692 1129 722 1177 et
742 1130 827 1179 natus
847 1118 973 1179 sonasse
993 1107 1032 1177 ad
1051 1126 1194 1176 aerumnas
1207 1126 1301 1182 'sums

203 1205 265 1266 sive
279 1208 358 1286 quod
372 1213 415 1281 (ut
428 1208 536 1267 Plinius
551 1208 650 1271 dicere
661 1211 788 1283 solebat)
801 1230 887 1271 omne
905 1222 1022 1293 tempus
1039 1208 1132 1288 perire
1152 1204 1301 1275 existimo,

202 1298 283 1379 quod
296 1298 397 1358 studiis
411 1318 470 1359 nou
479 1300 675 1381 impendatur.
710 1306 758 1363 Ac
770 1303 928 1382 potuissem
943 1300 1070 1380 quidem,
1089 1308 1121 1358 et
1133 1296 1212 1356 baud
1225 1292 1299 1364 acio,·

203 1406 241 1448 an
255 1389 419 1451 debuissem
431 1392 536 1464 etiam,
558 1394 634 1453 hanc
655 1391 840 1455 sedulitatem
858 1394 889 1452 in
906 1392 967 1453 alio
986 1392 1055 1453 vitae
1067 1408 1177 1469 genere
1190 1405 1302 1449 conam.

202 1498 294 1552 mere,
307 1483 386 1560 qnod
399 1484 465 1563 plus
483 1494 514 1543 et
532 1484 641 1545 fructus
654 1486 786 1557 baberet,
800 1496 831 1546 et
844 1484 1002 1565 dignitatis.
1043 1482 1105 1543 Sed
1117 1482 1185 1561 quia
1197 1496 1298 1539 terum

202 1582 250 1633 est
261 1584 331 1652 post
341 1573 420 1635 iacta
438 1576 600 1648 consilium,
616 1578 759 1658 Spartam,
773 1598 840 1658 quea
852 1578 922 1637 mibi
936 1576 1049 1655 obtigit,
1062 1592 1167 1634 ornare
1177 1571 1300 1637 mutim.

204 1665 294 1725 Auno
307 1665 394 1745 igitur
407 1668 552 1748 superiore
564 1670 722 1731 Isocratem
733 1672 764 1729 in
773 1672 921 1750 publicum
933 1668 1013 1728 edidi
1023 1688 1042 1727 a
1051 1686 1100 1726 ma
1112 1682 1298 1736 conversumff

118 1762 121 1769 '
201 1758 252 1837 qui
262 1758 316 1817 etsi
325 1770 444 1840 propter
454 1763 646 1823 necessariam
657 1764 872 1823 festinationem
884 1772 915 1822 et
925 1761 996 1821 alias
1006 1756 1297 1836 incommodatioues‚

201 1870 262 1911 non
274 1852 317 1912 sic
331 1854 479 1913 emendari
491 1856 596 1933 potuit,
610 1866 644 1915 ut
656 1854 704 1915 vel
718 1854 787 1913 mibi
802 1856 910 1933 ubique
928 1852 1128 1914 mtisfaceret:
1148 1869 1185 1910 ea
1196 1861 1295 1909 tamen

201 1942 377 2006 liberalitate
404 1946 573 2025 amplissimi
596 1956 627 2005 et
654 1945 868 2025 prudentissimi
895 1947 1020 2005 Senatus
1044 1942 1297 2021 Norimbergensis

201 2040 296 2113 (cnjus
310 2037 477 2097 honorificis
491 2038 531 2096 de
544 2056 590 2097 me
598 2037 715 2116 judiciis
730 2058 788 2097 non
801 2038 895 2098 minus
909 2036 1015 2109 debeo,
1025 2055 1113 2116 qnam
1123 2030 1296 2094 munificen-

201 2128 262 2200 tiae,
280 2148 316 2188 ac
335 2148 448 2208 semper
462 2130 590 2205 debebo)
605 2149 641 2189 eo
654 2130 782 2191 candum
796 2132 949 2193 doctorum
967 2142 1014 2190 est
1033 2139 1186 2207 exceptus,
1200 2138 1233 2187 ut
1245 2146 1295 2189 me

201 2240 260 2279 non
275 2222 341 2281 ideo
361 2222 502 2301 poenitere
516 2223 624 2283 debeat
636 2222 713 2281 illius
726 2224 943 2296 lucubrationis,
958 2242 1045 2303 quam
1058 2240 1135 2280 nunc
1148 2218 1295 2280 succisivis

201 2313 279 2373 boris
292 2314 429 2374 secundae
448 2314 566 2377 editioni
586 2316 725 2377 adornare
748 2336 847 2390 conor,
859 2327 892 2376 ut
905 2327 1048 2378 tantomm
1058 2312 1181 2373 virorum
1195 2312 1295 2373 lavore

202 2417 234 2465 et
247 2402 425 2465 eruditorum
439 2407 647 2486 approbatione
659 2407 773 2486 dignior
786 2408 935 2488 aliquanto
948 2407 1090 2467 videatur.
1129 2404 1165 2464 In
1175 2425 1234 2485 quo
1247 2424 1297 2465 au·

200 2508 264 2556 tore
276 2517 343 2557 cum
355 2498 528 2577 tyrocinium
539 2518 598 2558 non
609 2501 789 2580 inauspicato
799 2500 945 2573 fecissem,
955 2519 991 2560 ac
1001 2502 1095 2578 majus
1109 2518 1180 2578 opus
1193 2516 1297 2577 aggre-

201 2589 300 2673 diendi
314 2601 429 2670 tempus
441 2610 504 2650 esse
515 2591 670 2664 videretur,
686 2612 744 2651 non
759 2612 939 2673 magnopere
951 2613 1014 2654 sum
1028 2592 1196 2651 adversatus
1206 2590 1297 2653 Ioan-

200 2682 246 2743 nis
261 2680 392 2763 Oporini‚
403 2682 558 2743 doctissimi
571 2682 633 2754 viri,
647 2684 773 2765 mihique
792 2686 965 2759 amicissimi,
980 2685 1102 2763 judicio,
1119 2685 1167 2765 qui
1181 2683 1298 2770 Demo·¹

200 2775 335 2839 atbeuem
347 2774 467 2833 latinum
473 2780 534 2852 ¹iam
549 2776 646 2837 multis
660 2778 741 2841 aunis
754 2778 916 2839 astudiosis
926 2777 1051 2858 flagitari
1063 2777 1221 2837 indicabat.
1262 2780 1293 2839 A

199 2864 259 2947 quo
273 2886 361 2949 opere
375 2886 411 2931 eo
430 2868 523 2933 minus
538 2868 737 2943 abhorrebam,
751 2870 832 2949 quod
846 2871 1020 2955 jampridem
1035 2870 1163 2948 ejusdem
1184 2868 1296 2960 autoris

199 2980 259 3021 non
273 2960 359 3021 modo
372 2962 511 3041 quasdam
525 2964 668 3024 orationes
689 2962 797 3043 ingenii
809 2964 968 3029 exercendi
979 2964 1072 3044 gratia
1084 2972 1293 3035 converteram,

199 3054 292 3115 sedet
305 3054 468 3114 locutiones
481 3054 572 3115 miuus
581 3057 773 3135 pervolgatas,
789 3067 819 3115 at
831 3058 988 3118 sententias
1001 3076 1101 3116 omnes
1113 3055 1294 3135 insigniores,
1490 3119 1491 3130 p

197 3147 230 3209 in
243 3144 388 3224 peculiare
402 3146 536 3205 volumen
557 3148 753 3209 contuleram:
774 3158 804 3205 et
825 3148 991 3206 assiduitate
1012 3147 1171 3224 diligentie
1189 3145 1295 3219 fretus,
1397 3206 1401 3211 ,
1490 3143 1491 3158 ³

199 3232 247 3296 me
258 3255 364 3295 navare
378 3236 486 3315 aliquid
496 3248 585 3317 atque
600 3238 713 3299 efficere
724 3258 810 3319 posse
821 3238 982 3320 sperabam,
993 3238 1072 3315 quod
1085 3237 1154 3297 boni
1168 3247 1198 3296 et
1212 3239 1295 3299 docti

198 3326 251 3387 viri
262 3327 448 3407 approbaturi
462 3339 569 3389 essem.
596 3328 700 3411 Neque
712 3340 812 3388 tamen
821 3349 880 3389 uon
890 3328 1078 3409 providebam
1087 3328 1294 3400 malevolorum

198 3438 314 3503 quoque
326 3418 494 3493 calumnias,
509 3432 540 3481 et
557 3421 720 3502 importuna
737 3421 890 3483 sciolorum
902 3420 1024 3503 judicia,
1038 3442 1105 3501 quse
1116 3434 1175 3482 tam
1191 3413 1295 3499 multu,¹

198 3524 260 3573 tam
269 3511 357 3584 varia,
370 3522 427 3571 tam
443 3511 516 3572 inter
529 3533 562 3574 se
576 3514 773 3596 discrepantia
785 3524 863 3587 sunt,
875 3521 908 3574 ut
922 3534 958 3573 ea
970 3516 1105 3598 persequi
1118 3526 1149 3575 et
1162 3512 1293 3580 refutare

197 3607 235 3667 sit
245 3604 397 3665 inlinitum.
425 3604 591 3668 Delibanda
601 3616 700 3666 tamen
709 3627 806 3687 pauca
815 3606 884 3666 mihi
898 3618 975 3681 sunt,
986 3619 1018 3671 ut
1030 3608 1088 3669 mei
1099 3608 1169 3671 mihi
1180 3610 1292 3673 consilii

197 3690 272 3759 iatio
281 3696 420 3757 nonnulla
430 3698 591 3761 constitisse
600 3698 742 3759 videatur.
756 3700 805 3760 Ac
813 3700 936 3783 primum
949 3720 1049 3760 eorum
1059 3701 1233 3775 sollicitudo,
1242 3704 1293 3784 qui

196 3800 341 3861 metuunt,
350 3808 389 3850 ue
401 3790 602 3853 adolescentes
615 3792 851 3853 conversionibus
863 3792 941 3866 freti,
953 3813 1064 3873 graecas
1077 3794 1189 3853 litteras
1201 3796 1294 3875 negli-

198 3904 268 3969 gere
278 3883 427 3963 incipiant,
436 3882 477 3943 ita
486 3884 555 3947 mssii
565 3884 679 3949 videtur
687 3885 790 3957 inanis,
800 3897 833 3946 ut
842 3886 986 3947 studiosos
997 3887 1197 3949 adolescentes
1210 3889 1293 3952 nulla

198 3977 308 4039 radone
322 3977 415 4055 magis
428 3976 536 4037 incitari
550 3998 636 4059 posse
648 3979 688 4038 ad
697 3999 806 4063 graecas
819 3979 931 4043 litteras
945 3979 1100 4040 discendas
1114 3981 1293 4061 existimem,

196 4089 285 4151 quam
303 4068 327 4128 si
341 4068 529 4151 prospiciant,
539 4091 570 4131 se
585 4071 714 4131 fidelium
732 4072 921 4155 interpretum
936 4072 1145 4152 auxiliaquasi
1155 4073 1294 4155 compen·⁸

197 4161 353 4231 ‹liariavia
368 4162 431 4222 sine
440 4162 552 4241 maguis
565 4164 704 4225 molestiis
719 4176 749 4225 et
757 4164 971 4229 difficultatibus
982 4165 1019 4225 ad
1028 4165 1249 4245 elegantissime
1260 4178 1293 4229 et

196 4252 396 4317 eruditissime
409 4254 515 4334 linguae
524 4256 760 4335 jucundissimam
770 4258 854 4317 simul
866 4268 897 4318 et
907 4258 1085 4318 utilissimam
1096 4258 1290 4339 cognitionem

197 4358 398 4435 perventuros.
438 4348 520 4415 Quos
535 4348 612 4409 euim
632 4350 710 4430 prius
724 4350 846 4409 fortasse
864 4370 921 4410 nec
942 4352 1212 4433 apreceptoribus,
1233 4373 1293 4413 nec

198 4440 282 4521 copia
299 4438 435 4500 librorum
449 4440 516 4503 satis
533 4441 702 4517 instructos,
716 4442 882 4523 desperatio
900 4440 1076 4517 retardabat,
1096 4443 1236 4507 iifiducia
1247 4444 1293 4509 iu·
