2984 4917
408 312 466 373 tn
488 312 610 387 SUUM
630 314 854 385 DEMOSTH.
877 313 1089 377 rreum.
1173 316 1279 383 ituri

181 474 237 551 „lt
249 480 469 533 torrentum-r
494 470 540 535 Ea
557 482 657 533 mrtem
669 481 711 531 nt
728 470 883 545 addantur,
895 490 961 550 quoe
976 490 1000 539 ¹a
1012 468 1136 531 lrlrroriis
1154 469 1283 532 condes
1367 512 1370 518 -

181 573 312 641 prorata.
326 562 382 625 sed
393 566 493 642 τρόὶκᾷ
504 567 560 623 τινὶ
570 563 711 638 πηδήματι
720 565 838 625 omnino
851 563 1046 645 pretermissa
1057 564 1186 634 fuerunt,
1200 582 1281 641 qum·

181 673 239 733 qtre
254 674 313 721 uon
325 652 381 715 nisi
401 654 467 715 libri
487 654 593 733 integri
613 655 742 721 subsidio
762 657 873 717 restitui
893 666 1013 735 porrum
1031 660 1118 734 (qum
1131 673 1281 734 perpauca

181 744 301 825 quidem
314 746 394 823 sunt)
407 766 467 805 non
481 758 527 805 cst
541 748 578 807 eb
591 747 707 809 homine
722 746 936 827 postulandum.
978 745 1056 808 Illud
1063 766 1145 819 roro,
1158 746 1198 808 mi
1207 745 1281 825 epi.

180 839 275 917 scopi,
293 848 326 899 et
345 838 506 922 optandum
527 849 583 911 est,
596 850 731 919 et=opera
743 859 798 919 pro
818 840 893 899 virili
905 839 1012 912 danda,
1033 858 1072 899 ne
1092 858 1190 918 operm
1208 850 1280 911 tore,

182 949 250 1009 quse
263 950 316 994 nos
329 940 410 994 tanto
420 930 522 994 labore
535 932 764 1005 emendavimus,
774 952 827 1011 per
836 930 981 995 inscitiam
994 942 1025 991 et
1034 931 1171 999 incuriam
1181 932 1281 991 denuo
1303 962 1308 971 ·

182 1033 415 1102 comunpuntet
424 1023 596 1104 depravent.
625 1024 713 1091 Quod
724 1024 800 1085 abrit
809 1034 842 1083 ut
849 1023 903 1083 fiet
912 1042 979 1083 cnm
990 1022 1138 1101 utriusque
1147 1032 1281 1083 noanon

117 1110 119 1115 ’
183 1112 284 1190 finierit
298 1126 394 1193 atque
412 1115 541 1185 infamia,
559 1127 592 1177 et
610 1118 690 1195 jnstn
709 1115 903 1196 insoriptionis
925 1115 1133 1177 criminatione.
1174 1116 1281 1194 Neqoo

184 1224 255 1273 tero
264 1206 327 1279 fiet,
338 1216 370 1268 te
382 1208 529 1287 vigilanlu,
543 1212 590 1269 rol
601 1213 830 1280 e'rrrrtorroiirror,
841 1218 875 1268 ut
886 1207 974 1279 mles,
985 1210 1035 1285 qui
1045 1207 1143 1269 multis
1154 1207 1282 1287 egregii!

183 1298 379 1362 voluminibus
391 1300 488 1372 editis,
502 1298 590 1361 tidem
603 1310 682 1361 tuem
702 1312 792 1381 atque
812 1300 981 1372 industriam
995 1297 1136 1362 onnon
1155 1299 1282 1363 candide

180 1390 385 1468 judicantum
407 1394 582 1473 approbasti.
634 1393 718 1455 Vale.
773 1395 919 1471 Augintoe
933 1392 1152 1454 vindelicorum
1173 1390 1281 1456 xxut

188 1484 332 1561 Mennis
350 1486 468 1564 quodie
483 1485 700 1566 typographicis
714 1486 917 1565 tenuioribus
931 1486 1083 1557 consectis,
1103 1505 1179 1545 onos
1193 1484 1282 1546 AEtna

185 1574 303 1653 gravius
320 1578 488 1653 meamne,
502 1590 535 1641 et
547 1598 565 1637 e
578 1578 652 1637 dura
665 1578 804 1641 servitute
817 1598 915 1639 aurem
929 1596 1115 1641 nrnaarnrr
1129 1576 1283 1641 restitutur

186 1686 253 1737 ent
267 1668 337 1732 milti
349 1669 460 1735 videor.
499 1670 578 1737 Anni
591 1688 671 1731 run.
688 1686 764 1729 txx.

441 1892 490 1949 Ad
501 1890 685 1969 Mrgmficom
699 1900 727 1949 et
741 1888 908 1948 Generornrr
923 1888 1021 1947 Vtrum

193 2082 198 2089 .
237 2020 291 2097 n.
319 2019 589 2101 meroen
617 2020 880 2099 sueonum
907 1989 1260 2111 succurunt,

188 2162 369 2249 Kircdbergoe
386 2170 570 2231 Wisseulorni
583 2182 611 2232 et
632 2172 829 2251 Phyrrttnnrm
843 2171 985 2240 dominnm,
1001 2168 1132 2228 Creroreoe
1144 2178 1172 2228 et
1186 2168 1283 2248 Regin

191 2279 194 2285 '
227 2276 380 2357 Mojertoti
392 2298 410 2337 o
422 2278 548 2337 Consiliis
557 2288 610 2337 etc.
624 2279 742 2357 ingenio,
756 2276 892 2347 drctrino,
911 2276 1015 2333 oirtrrtr
1028 2276 1240 2347 ornatissimum,

190 2454 194 2463 ,
303 2382 466 2464 Hieronymi
482 2382 521 2441 W
518 2384 574 2459 offit'
586 2385 616 2443 in
629 2383 847 2455 Demosthenem,
862 2382 977 2439 latinum
990 2400 1008 2437 o
1018 2400 1047 2437 rr
1051 2379 1175 2459 facturr,

662 2487 809 2571 Prqfotio.

193 2640 200 2647 '
225 2648 385 2719 Quorsus,
400 2646 525 2709 Ioannes
537 2648 644 2710 Iacobo
659 2648 804 2729 Fuggere,
819 2647 886 2707 vitm
899 2666 973 2706 mere
992 2646 1092 2726 cogito
1111 2647 1284 2711 studiorum·

184 2736 243 2823 doe
258 2740 410 2812 rationem,
423 2740 485 2801 fato
502 2742 629 2821 quodam
643 2742 706 2822 rupi
719 2739 788 2799 mihi
802 2740 903 2799 videor
923 2740 962 2798 ad
982 2738 1040 2799 hoc
1059 2740 1218 2801 litterarum
1230 2753 1283 2821 ge-

186 2851 252 2902 nus,
264 2832 293 2890 in
308 2853 365 2915 quo
376 2832 482 2892 multos
492 2838 554 2910 jem
568 2854 668 2906 nonos,
683 2833 781 2892 nescio
795 2852 882 2914 quam
896 2831 1032 2901 feliciter,
1047 2833 1151 2891 sedulo
1164 2834 1283 2914 quidem

187 2934 269 2983 certe
282 2944 380 2985 versor
395 2945 431 2985 ac
445 2925 608 3005 diligenter.
650 2926 725 2986 Cum
740 2923 815 2983 enim
830 2942 952 3002 puerum
975 2924 1044 2981 olim
1058 2924 1137 2981 nullo
1150 2922 1283 2983 discendi

189 3014 316 3087 occatio,
329 3016 415 3079 nullse
431 3030 582 3097 parentum
603 3028 633 3077 et
647 3016 806 3077 amicorum
821 3014 1037 3074 cohortationes
1050 3014 1213 3087 invitarent,
1229 3014 1284 3075 sed

189 3108 285 3187 potius
297 3109 408 3188 plurimi
422 3111 617 3183 deterrerent,
638 3120 742 3171 nuure
761 3120 861 3170 ¹tamen
875 3107 916 3167 ito
930 3107 998 3167 mihi
1010 3108 1065 3167 fuit
1078 3108 1180 3168 insitus
1194 3120 1225 3167 et
1238 3110 1282 3167 in-

186 3202 263 3267 fixus
277 3202 450 3269 incredibilis
463 3204 581 3287 quitiam
601 3224 765 3288 graecerum
778 3202 937 3261 litterarum
951 3212 982 3260 et
996 3220 1118 3281 poeseos
1138 3221 1229 3274 amor,
1250 3212 1284 3264 ut

188 3294 217 3353 in
232 3297 343 3379 magnis
363 3306 393 3355 et
402 3297 464 3356 fere
475 3296 624 3377 perpetuis
639 3316 705 3355 cnm
718 3296 850 3363 sortunae,
865 3304 924 3353 tum
940 3294 1111 3354 valetudinis
1123 3295 1282 3355 incommo-

188 3388 244 3467 dis,
259 3390 561 3469 nunquamvhactenns
575 3410 593 3450 a
605 3388 696 3450 semel
710 3388 839 3448 instituto
858 3386 1019 3449 studiorum
1039 3408 1126 3447 cursu
1139 3389 1282 3467 potuerim

189 3482 254 3543 ullis
267 3483 428 3543 rationibus
439 3481 588 3547 dimoveri.
618 3486 713 3551 Quam
728 3482 887 3563 prudenter
902 3479 930 3537 iu
939 3481 979 3538 ‘eo
990 3480 1118 3553 fecerim,
1128 3502 1187 3540 non
1198 3481 1281 3541 dico:

187 3561 219 3639 et
231 3576 255 3636 si
269 3576 339 3657 quid
353 3588 508 3659 peccatum
524 3587 578 3647 est,
592 3576 662 3637 entis
682 3593 787 3657 graves
808 3572 913 3632 erroris
932 3574 988 3636 mei
1003 3593 1102 3652 poenas
1116 3572 1166 3644 do,
1180 3574 1230 3655 qui
1244 3595 1282 3635 ex

186 3669 328 3752 adamatis
339 3670 445 3728 litteris
465 3670 535 3727 nihil
548 3668 610 3729 fere
624 3668 744 3749 praemii,
759 3677 864 3747 preter
877 3666 991 3725 labores
1006 3678 1036 3726 et
1049 3664 1202 3738 molestias,
1218 3668 1282 3730 fero

186 3764 282 3841 neque
296 3762 386 3820 rdlum
399 3762 543 3843 prospicio
561 3772 687 3843 portum,
702 3760 731 3818 in
751 3781 810 3840 quo
823 3769 889 3839 post
902 3758 1051 3819 diuturnas
1063 3759 1154 3818 veluti
1172 3769 1282 3839 tempe-

185 3866 292 3915 statum
310 3856 487 3935 jactationes
508 3854 627 3915 tandem
642 3854 800 3913 consistere
814 3853 911 3922 liceat,
927 3872 994 3913 cum
1008 3852 1150 3914 hactenus
1164 3854 1283 3933 quideni

186 3950 224 4007 ab
238 3948 296 4008 alio
311 3947 397 4008 exilio
412 3947 495 4031 (quid
509 3948 586 4009 enim
601 3946 679 4008 aliud
693 3944 800 4017 dicem,
822 3945 876 4005 etsi
892 3964 953 4005 nou
966 3946 1148 4024 longinquos,
1164 3946 1282 4006 crebras

185 4044 286 4103 men
297 4052 327 4100 et
341 4060 425 4120 mque
440 4041 576 4101 molestus
584 4038 843 4121 peregnnau'ones)
853 4036 976 4099 subinde
984 4038 1071 4097 luerit
1083 4038 1114 4095 in
1124 4037 1203 4098 aliud
1212 4040 1281 4099 nbc-

186 4124 307 4195 undum.
349 4133 417 4193 Sive
430 4134 520 4215 igitur
534 4154 570 4195 ee
582 4134 607 4192 F
608 4144 726 4205 ortunae,
740 4132 929 4212 praepotentis
943 4132 1078 4202 dominre,
1092 4132 1153 4191 sire
1173 4132 1280 4211 simpli.

183 4226 279 4286 citatis
292 4246 367 4286 meee
378 4226 466 4306 culpa
478 4226 534 4285 sit:
549 4224 701 4285 ferendum
715 4234 770 4298 ert,
783 4245 842 4283 non
856 4223 1041 4305 culpandum,
1053 4224 1133 4306 quod
1142 4229 1205 4301 jum
1219 4244 1281 4282 mu-

184 4297 240 4403 t‘ari
255 4340 313 4378 non
326 4330 440 4399 potest:
455 4330 487 4378 et
499 4317 621 4379 miseriis
635 4317 707 4377 meis
721 4316 785 4377 haec
797 4317 933 4399 lingenda
947 4318 1116 4387 consolatio,
1128 4318 1280 4376 stationem

183 4410 261 4507 lianc
274 4410 345 4473 mihi
358 4410 494 4473 divinitus
509 4430 573 4473 esee
594 4409 771 4483 attributam,
793 4421 882 4492 etque
900 4411 930 4470 in
945 4430 981 4470 ea
1000 4422 1118 4471 strenue
1131 4428 1185 4489 pro
1198 4422 1281 4489 perte
