2984 4917
219 338 306 402 oliti·
554 340 717 402 REISKH
738 338 982 401 PRAEFATIO‘·

222 494 348 555 omnium
359 496 562 568 mutationum,
571 516 643 577 ques
654 518 720 557 meo
733 508 828 557 marta
839 516 963 576 meaque
976 504 1081 575 sponte
1091 502 1123 557 et
1136 494 1331 565 sncmntater

221 586 252 645 ia
267 587 502 649 Demosthenem
516 588 629 650 immisi.
672 589 835 650 Offensionl
848 608 965 669 quoque
983 601 1031 649 est
1044 588 1220 649 moleslibri
1232 590 1325 647 intra·

224 679 346 749 ctabilis,
368 690 400 740 et
420 700 542 760 enque
555 683 602 741 vel
616 680 804 741 fortissimum
825 700 971 760 quemque
991 678 1257 759 bajulum-fatiget,
1270 697 1325 757 per

223 790 310 851 quam
319 770 364 844 fit,
378 782 410 831 nt
428 772 523 833 lector
537 792 564 834 e.
576 794 604 833 c.
626 772 815 853 Olynthiacss
828 773 937 852 prinise,
953 792 1026 852 opus
1039 774 1149 834 hebeat
1161 790 1223 831 non
1233 770 1328 853 modo

154 924 160 935 ,
223 864 307 923 denis
320 862 393 923 locis
407 864 563 943 requirere,
577 885 644 945 que
664 866 703 925 sd
717 877 831 925 certum
849 866 948 925 locum
961 866 1001 925 ab
1013 864 1154 944 Ulpiano,
1167 882 1187 924 a
1199 863 1325 934 Budeeo,

223 958 261 1018 sb
273 956 435 1037 Obsopoeo,
449 956 587 1019 eWollio
601 958 691 1029 dicta,
706 969 759 1018 eut
772 978 791 1019 e
803 958 981 1018 variantibus
994 958 1085 1018 modo
1096 957 1223 1029 Aldinis,
1233 956 1325 1015 modo

223 1048 399 1121 Lutatianis,
415 1050 502 1110 mode
517 1049 694 1129 Augusteum
708 1060 847 1111 annotata
858 1060 936 1121 sunt,
951 1048 1108 1110 sedetiam
1126 1048 1259 1108 millenas
1272 1066 1326 1127 pa·

223 1140 306 1220 ginas
328 1142 434 1201 iterum
455 1142 618 1222 iterumque
640 1142 801 1203 revolvere.
842 1141 947 1203 Malim
968 1143 1031 1221 ipso
1045 1142 1254 1202 *Demosthene
1274 1158 1325 1201 cn·

222 1252 299 1307 rere,
318 1239 400 1310 cujus
420 1235 588 1295 lectio‘tam
610 1236 733 1296 molesto
752 1236 853 1295 labore
873 1234 944 1293 mihi
963 1244 1088 1306 constet,
1112 1233 1263 1314 quilebet
1283 1234 1325 1293 ad

222 1326 362 1387 insaniam
375 1326 461 1387 facile
476 1347 564 1407 quem
578 1327 687 1407 adigat.
731 1326 793 1387 Sed
806 1338 913 1405 preter
926 1328 1097 1385 abnormem
1110 1326 1217 1385 molem
1232 1325 1324 1385 offen-

223 1418 297 1478 sioni
311 1437 428 1497 quoque
442 1430 508 1478 sunt
521 1418 585 1498 typi
605 1420 635 1477 in
649 1417 778 1477 editione
788 1416 951 1479 Bssileensi
962 1417 1058 1477 Tomo
1071 1416 1127 1477 VI.
1147 1416 1268 1477 adhibiti
1280 1417 1327 1475 ni·

223 1510 280 1569 mis
293 1528 380 1589 quam
394 1510 484 1571 exiles
498 1522 530 1571 et
546 1510 659 1581 minuti,
681 1509 793 1579 curum,
807 1507 887 1588 quod
909 1528 1003 1588 genus
1023 1519 1159 1590 typorum
1172 1510 1266 1569 oculis
1279 1510 1325 1569 in·

224 1600 324 1683 primis
337 1600 485 1663 inimicum
504 1610 534 1661 et
553 1601 672 1663 insuave
693 1612 750 1673 est,
773 1611 806 1660 et
828 1600 975 1660 fastiditur
994 1603 1100 1680 magis,
1121 1620 1210 1679 quam
1232 1602 1327 1661 ullum
1354 1637 1359 1646 ·

136 1752 139 1759 .
224 1695 314 1757 eliud.
357 1694 482 1773 Insignis
496 1706 542 1755 est
556 1695 690 1756 defectus
703 1694 790 1770 hujus
808 1692 943 1754 editionis
952 1694 1119 1765 Wellianae,
1133 1696 1213 1773 quod
1224 1694 1330 1757 indice

224 1788 384 1867 graecitatis
402 1788 630 1849 demosthenicae
644 1796 735 1849 caret.
779 1785 879 1845 Crede
899 1786 1034 1865 equidem
1045 1786 1196 1859 Wolfium,
1211 1787 1327 1849 alebe-

224 1892 289 1943 rn‘m
304 1881 597 1943 Demosthenicorum
611 1878 799 1941 multitudine
813 1888 844 1939 et
856 1880 1050 1958 perpetuitate
1062 1880 1172 1940 victum
1197 1899 1256 1939 non
1269 1900 1328 1961 po·

130 2029 137 2042 ,
223 1974 317 2033 tuisse
340 1974 461 2051 agendis
480 1972 612 2033 omnibus
632 1971 777 2042 sufficere,
802 1990 868 2049 quse
887 1971 919 2030 in
936 1972 1080 2050 ejusmodi
1099 1984 1169 2032 auct
1239 1991 1327 2052 pera-

225 2066 323 2145 genda
336 2067 439 2127 editori
453 2067 632 2127 incumbunt.
660 2065 781 2137 Verum,
792 2064 916 2143 primum
929 2064 1047 2144 quidem
1061 2066 1232 2144 vigintiduo
1244 2068 1326 2139 anni,

224 2178 296 2238 quos
313 2159 344 2219 in
364 2158 567 2221 Demosthene
589 2157 731 2238 fingendo
754 2167 786 2217 et
808 2158 982 2236 retingendo
1003 2159 1174 2231 consumsit,
1196 2169 1328 2239 tempus,

225 2252 339 2330 opinor,
350 2262 418 2311 sunt
431 2252 502 2312 satis
516 2251 712 2324 commodum,
726 2270 787 2331 que
800 2251 930 2330 quemvis
943 2270 1067 2330 memus
1080 2250 1164 2312 labor
1176 2251 1329 2331 profligari

224 2352 351 2423 poterat.
392 2343 469 2405 Mihi
480 2344 598 2424 quidem
609 2344 633 2405 si
647 2354 691 2404 tot
704 2362 798 2405 annos
810 2344 860 2403 rmi
873 2343 1067 2408 Demostheni
1080 2344 1255 2423 expoliendo
1268 2345 1328 2405 lar·

224 2436 287 2515 gite
299 2447 378 2497 esset
389 2438 519 2499 secunde
533 2438 659 2510 fortune,
673 2456 741 2518 qum
755 2436 803 2495 vis
817 2435 1038 2516 quadriennium
1053 2437 1145 2509 dedit,
1156 2447 1187 2497 et
1200 2456 1238 2497 ne
1252 2437 1328 2498 illud

224 2528 345 2609 quidem
355 2530 511 2609 integrum,
523 2530 648 2612 (interes
664 2530 802 2609 temporis
813 2529 891 2590 enim
905 2530 993 2591 etiam
1006 2529 1167 2591 Aristidem
1180 2530 1220 2590 ad
1232 2542 1327 2591 mstos

224 2624 393 2702 recognovi,
408 2635 439 2683 et
457 2624 587 2696 editiom,
601 2641 688 2703 quem
702 2625 766 2701 ejus
779 2642 863 2700 paro,
876 2622 1114 2683 accommodavi:
1134 2633 1169 2681 ut
1189 2623 1260 2685 alies
1281 2623 1328 2682 in·

223 2716 440 2795 terpelletiones
451 2718 577 2795 taceam)
591 2736 610 2776 o
623 2734 712 2795 quern
734 2714 805 2773 mihi
824 2714 927 2774 videor
950 2734 1019 2775 eum
1038 2715 1203 2776 absolutum
1224 2726 1256 2775 et
1267 2736 1328 2776 nu·

224 2807 312 2867 meris
330 2809 464 2869 omnibus
477 2808 640 2889 perfectum
664 2806 786 2867 daturus
807 2806 907 2868 fuisse.
948 2808 1004 2867 Me
1026 2828 1097 2869 vero
1118 2809 1329 2887 ingravescens

225 2910 309 2978 estes,
322 2910 354 2959 et
367 2888 575 2961 decrescentes
589 2900 619 2959 in
634 2898 697 2959 dies
710 2900 796 2972 vires,
811 2911 842 2960 et
855 2899 1036 2980 impatientia
1052 2901 1083 2960 in
1097 2902 1203 2961 eodem
1221 2902 1327 2966 labore

225 2980 402 3053 diutiuscule
422 2992 631 3064 commorandi,
645 3002 676 3052 et
686 2992 863 3053 desiderium
876 2993 1016 3054 studiosus
1025 2994 1169 3071 juventuti
1182 3006 1242 3057 tam
1255 3016 1324 3075 grs-

224 3102 292 3143 vem
313 3096 474 3159 auctorem,
496 3094 555 3145 tem
576 3085 783 3157 necessarium,
799 3087 883 3163 cujus
902 3085 1044 3145 editiones
1057 3098 1126 3147 sunt
1137 3106 1226 3166 quom
1243 3090 1326 3150 raris·

225 3176 306 3245 simae
320 3188 351 3236 et
364 3178 528 3249 carissime,
543 3196 601 3256 quo
622 3189 721 3239 tomen
744 3196 846 3237 carere
869 3179 932 3239 sine
953 3178 1061 3239 damm
1081 3180 1206 3240 marimo
1225 3193 1325 3259 potest

224 3288 313 3328 nemo
333 3269 420 3347 paulo
433 3270 596 3341 humanior,
611 3288 698 3349 quern
716 3269 840 3348 ρτίωιιω
848 3268 912 3328 lieri
926 3282 1041 3349 posset,¹
1050 3290 1140 3350 parve
1152 3273 1325 3351 parabilem,

225 3370 258 3419 et
270 3360 357 3420 facile
372 3361 553 3439 gestabilem,
568 3361 797 3423 sternumentis
817 3380 876 3421 non
897 3364 1116 3425 contemnendis
1141 3365 1324 3439 monadum,

224 3470 285 3511 non
299 3452 431 3512 omnibus
443 3452 573 3531 quidem,
587 3462 632 3511 tot
645 3462 742 3511 tamen
762 3451 820 3512 illis
833 3462 865 3513 et
877 3453 973 3524 tentis,
989 3465 1062 3533 quot
1075 3466 1110 3515 et
1121 3468 1231 3534 quanta
1245 3459 1326 3519 nulla

225 3542 283 3603 alia
295 3544 477 3623 superiorum
496 3542 655 3605 editionum
674 3543 862 3615 dedissetis
883 3564 985 3606 manus
999 3547 1099 3619 dsndi,
1115 3547 1254 3609 festinus
1273 3570 1326 3613 roe

225 3646 395 3715 coegerunt,
410 3648 440 3697 et
449 3637 543 3697 minus
557 3636 720 3718 perfectam
732 3654 807 3715 opus
821 3636 920 3708 edere,
935 3658 1022 3717 quem
1035 3640 1157 3713 nullum,
1163 3641 1264 3714 mehe,
1273 3664 1326 3705 ve·

225 3738 349 3799 rentem,
362 3750 401 3789 ne
411 3729 440 3789 in
462 3740 569 3789 conatu
582 3728 792 3810 superstitiose
802 3728 958 3809 diligentie
972 3730 1065 3791 fatum
1078 3752 1126 3793 me
1138 3727 1327 3813 opprimeret,

225 3837 397 3899 mecumque
418 3819 543 3880 lectores
553 3820 650 3880 fructu
663 3840 737 3881 meae
752 3840 847 3899 operae
860 3821 1018 3883 fraudaret.
1059 3823 1178 3885 Deinde
1192 3826 1256 3904 quis
1269 3846 1326 3887 au·

224 3921 289 3971 ctor
305 3910 543 3983 tibi,.miW01fi,
564 3912 620 3972 fuit
632 3924 690 3972 tam
704 3912 785 3972 stulti
801 3913 924 3986 consilii,
944 3927 979 3974 ut
999 3915 1167 3996 AEthiopem
1187 3916 1325 3979 lavares?

227 4003 383 4082 Ulpianum
404 4024 456 4064 cur
475 4004 596 4064 latinum
617 4003 735 4065 iecisti?
757 4005 831 4075 Quis
840 4006 949 4082 jussit?
969 4018 1021 4067 sut
1040 4008 1142 4089 siquis
1158 4011 1254 4088 jussit,
1269 4030 1326 4073 cur

225 4095 455 4173 obsequebaris?
496 4096 639 4157 Debebas
660 4096 818 4175 sapientior
838 4116 914 4171 esse,
929 4118 1016 4177 quam
1039 4101 1157 4180 ineptus
1176 4102 1326 4183 librarius,

225 4186 275 4267 qui
289 4205 321 4246 se
335 4192 358 4245 s'
366 4186 456 4247 stulto
469 4206 551 4247 more
569 4186 680 4255 saeculi,
696 4188 733 4246 ab
747 4187 917 4265 importunis
935 4200 1079 4249 emturum
1095 4190 1327 4271 flagitationibus

225 4278 294 4338 duci
307 4289 466 4357 peteretur.
506 4279 647 4339 Debebas
660 4278 777 4339 fortiter
795 4279 942 4341 resistere.
955 4281 1086 4343 debebas
1098 4283 1325 4363 bibliopolarum

224 4370 353 4431 stultitiae
366 4382 398 4431 et
410 4370 621 4451 importunitsti
643 4388 817 4450 responsare
838 4372 959 4443 duriter,
978 4392 1038 4435 non
1054 4375 1172 4448 servire,
1185 4395 1243 4435 non
1257 4394 1325 4435 cer-

223 4464 320 4525 vicem
333 4464 515 4528 submittere.
558 4464 680 4527 Poteras
694 4463 799 4524 melius
809 4464 881 4543 quid
895 4484 995 4544 agere.
1030 4466 1190 4547 Ulpianum
1202 4467 1327 4536 latinum
