<?xml version="1.0" encoding="UTF-8"?>
<!DOCTYPE html PUBLIC "-//W3C//DTD XHTML 1.0 Transitional//EN"
    "http://www.w3.org/TR/xhtml1/DTD/xhtml1-transitional.dtd">
<html xmlns="http://www.w3.org/1999/xhtml" xml:lang="en" lang="en">
 <head>
  <title>
</title>
<meta http-equiv="Content-Type" content="text/html;charset=utf-8" />
  <meta name='ocr-system' content='tesseract 3.04.00' />
  <meta name='ocr-capabilities' content='ocr_page ocr_carea ocr_par ocr_line ocrx_word'/>
</head>
<body>
  <div class='ocr_page' id='page_1' title='image "./demosthenisetsc02dupogoog_0078.png"; bbox 0 0 2984 4917; ppageno 0'>
   <div class='ocr_carea' id='block_1_1' title="bbox 228 281 998 355">
    <p class='ocr_par' dir='ltr' id='par_1_1' title="bbox 228 281 998 355">
     <span class='ocr_line' id='line_1_1' title="bbox 228 281 998 355; baseline -0.006 -1"><span class='ocrx_word' id='word_1_1' title='bbox 228 289 279 355; x_wconf 78' lang='lat' dir='ltr'>tas</span> <span class='ocrx_word' id='word_1_2' title='bbox 563 286 820 353; x_wconf 62' lang='lat' dir='ltr'>ettenorum</span> <span class='ocrx_word' id='word_1_3' title='bbox 839 281 998 351; x_wconf 74' lang='lat' dir='ltr'>wotm</span> 
     </span>
    </p>
   </div>
   <div class='ocr_carea' id='block_1_2' title="bbox 152 438 1330 4049">
    <p class='ocr_par' dir='ltr' id='par_1_2' title="bbox 152 438 1330 4049">
     <span class='ocr_line' id='line_1_2' title="bbox 152 438 1330 525; baseline -0.003 -15"><span class='ocrx_word' id='word_1_4' title='bbox 152 466 161 483; x_wconf 88' lang='lat'><em>·</em></span> <span class='ocrx_word' id='word_1_5' title='bbox 227 446 391 509; x_wconf 73' lang='lat' dir='ltr'>incorrems</span> <span class='ocrx_word' id='word_1_6' title='bbox 404 441 541 525; x_wconf 80' lang='lat' dir='ltr'>preterii,</span> <span class='ocrx_word' id='word_1_7' title='bbox 556 454 587 505; x_wconf 90' lang='lat' dir='ltr'>et</span> <span class='ocrx_word' id='word_1_8' title='bbox 607 454 747 524; x_wconf 79' lang='lat' dir='ltr'>suspects</span> <span class='ocrx_word' id='word_1_9' title='bbox 766 438 1330 523; x_wconf 67' lang='lat' dir='ltr'>eqeeonmsntonnssteuntn</span> 
     </span>
     <span class='ocr_line' id='line_1_3' title="bbox 226 535 1330 623; baseline -0.003 -22"><span class='ocrx_word' id='word_1_10' title='bbox 226 540 349 623; x_wconf 76' lang='lat' dir='ltr'>signari.</span> <span class='ocrx_word' id='word_1_11' title='bbox 391 538 432 603; x_wconf 81' lang='lat' dir='ltr'>Et</span> <span class='ocrx_word' id='word_1_12' title='bbox 452 538 495 599; x_wconf 86' lang='lat' dir='ltr'>sie</span> <span class='ocrx_word' id='word_1_13' title='bbox 515 538 616 618; x_wconf 81' lang='lat' dir='ltr'>primae</span> <span class='ocrx_word' id='word_1_14' title='bbox 629 538 792 601; x_wconf 71' lang='lat' dir='ltr'>discursu</span> <span class='ocrx_word' id='word_1_15' title='bbox 808 535 919 601; x_wconf 70' lang='lat' dir='ltr'>memet</span> <span class='ocrx_word' id='word_1_16' title='bbox 939 556 1005 599; x_wconf 75' lang='grc' dir='ltr'>ιιι</span> <span class='ocrx_word' id='word_1_17' title='bbox 1025 546 1157 599; x_wconf 69' lang='lat' dir='ltr'>mastus-</span> <span class='ocrx_word' id='word_1_18' title='bbox 1198 537 1249 598; x_wconf 88' lang='lat' dir='ltr'>De</span> <span class='ocrx_word' id='word_1_19' title='bbox 1261 539 1330 619; x_wconf 61' lang='lat' dir='ltr'>&#39;qao</span> 
     </span>
     <span class='ocr_line' id='line_1_4' title="bbox 227 628 1330 711; baseline -0.004 -16"><span class='ocrx_word' id='word_1_20' title='bbox 227 644 329 695; x_wconf 87' lang='lat' dir='ltr'>autem</span> <span class='ocrx_word' id='word_1_21' title='bbox 339 631 457 695; x_wconf 75' lang='lat' dir='ltr'>artificii</span> <span class='ocrx_word' id='word_1_22' title='bbox 471 631 588 695; x_wconf 76' lang='lat' dir='ltr'>emtorii</span> <span class='ocrx_word' id='word_1_23' title='bbox 601 640 632 693; x_wconf 87' lang='lat' dir='ltr'>et</span> <span class='ocrx_word' id='word_1_24' title='bbox 643 631 810 711; x_wconf 78' lang='lat' dir='ltr'>Ulpianicae</span> <span class='ocrx_word' id='word_1_25' title='bbox 823 628 965 691; x_wconf 79' lang='lat' dir='ltr'>‹loettinas</span> <span class='ocrx_word' id='word_1_26' title='bbox 976 648 1099 709; x_wconf 71' lang='lat' dir='ltr'>genere,</span> <span class='ocrx_word' id='word_1_27' title='bbox 1111 648 1165 709; x_wconf 85' lang='lat' dir='ltr'>pse</span> <span class='ocrx_word' id='word_1_28' title='bbox 1181 649 1238 691; x_wconf 83' lang='lat' dir='ltr'>sue</span> <span class='ocrx_word' id='word_1_29' title='bbox 1247 631 1330 711; x_wconf 68' lang='lat' dir='ltr'>quise</span> 
     </span>
     <span class='ocr_line' id='line_1_5' title="bbox 228 715 1329 805; baseline 0.003 -20"><span class='ocrx_word' id='word_1_30' title='bbox 228 743 288 805; x_wconf 79' lang='lat' dir='ltr'>que</span> <span class='ocrx_word' id='word_1_31' title='bbox 303 723 492 805; x_wconf 84' lang='lat' dir='ltr'>persuasione</span> <span class='ocrx_word' id='word_1_32' title='bbox 511 723 557 785; x_wconf 85' lang='lat' dir='ltr'>rel</span> <span class='ocrx_word' id='word_1_33' title='bbox 578 724 694 803; x_wconf 90' lang='lat' dir='ltr'>probet,</span> <span class='ocrx_word' id='word_1_34' title='bbox 709 722 757 785; x_wconf 85' lang='lat' dir='ltr'>rel</span> <span class='ocrx_word' id='word_1_35' title='bbox 774 722 929 802; x_wconf 80' lang='lat' dir='ltr'>improbet,</span> <span class='ocrx_word' id='word_1_36' title='bbox 950 722 1033 802; x_wconf 81' lang='lat' dir='ltr'>qsnrl</span> <span class='ocrx_word' id='word_1_37' title='bbox 1050 715 1215 784; x_wconf 56' lang='lat' dir='ltr'>etonem</span> <span class='ocrx_word' id='word_1_38' title='bbox 1236 724 1329 789; x_wconf 77' lang='lat' dir='ltr'>merle</span> 
     </span>
     <span class='ocr_line' id='line_1_6' title="bbox 227 802 1330 895; baseline -0.003 -16"><span class='ocrx_word' id='word_1_39' title='bbox 227 816 302 879; x_wconf 86' lang='lat' dir='ltr'>illud</span> <span class='ocrx_word' id='word_1_40' title='bbox 314 816 489 888; x_wconf 88' lang='lat' dir='ltr'>meminerit,</span> <span class='ocrx_word' id='word_1_41' title='bbox 504 834 571 879; x_wconf 87' lang='lat' dir='ltr'>eom</span> <span class='ocrx_word' id='word_1_42' title='bbox 584 814 721 877; x_wconf 87' lang='lat' dir='ltr'>usitstam</span> <span class='ocrx_word' id='word_1_43' title='bbox 729 815 790 881; x_wconf 81' lang='lat' dir='ltr'>suia</span> <span class='ocrx_word' id='word_1_44' title='bbox 802 814 1218 895; x_wconf 59' lang='lat' dir='ltr'>temperatumque</span> <span class='ocrx_word' id='word_1_45' title='bbox 1226 802 1330 877; x_wconf 78' lang='lat' dir='ltr'>nuliis</span> 
     </span>
     <span class='ocr_line' id='line_1_7' title="bbox 227 907 1330 994; baseline -0.002 -25"><span class='ocrx_word' id='word_1_46' title='bbox 227 908 385 988; x_wconf 73' lang='lat' dir='ltr'>ingeniosis</span> <span class='ocrx_word' id='word_1_47' title='bbox 405 920 435 971; x_wconf 89' lang='lat' dir='ltr'>et</span> <span class='ocrx_word' id='word_1_48' title='bbox 449 908 571 971; x_wconf 83' lang='lat' dir='ltr'>eruditis</span> <span class='ocrx_word' id='word_1_49' title='bbox 583 908 750 994; x_wconf 79' lang='lat' dir='ltr'>hominibus</span> <span class='ocrx_word' id='word_1_50' title='bbox 762 908 904 989; x_wconf 79' lang='lat' dir='ltr'>pleoerst,</span> <span class='ocrx_word' id='word_1_51' title='bbox 921 918 1067 979; x_wconf 80' lang='lat' dir='ltr'>secutum,</span> <span class='ocrx_word' id='word_1_52' title='bbox 1082 907 1228 968; x_wconf 61' lang='lat' dir='ltr'>obsum</span> <span class='ocrx_word' id='word_1_53' title='bbox 1238 917 1330 988; x_wconf 61' lang='lat' dir='ltr'>qna</span> 
     </span>
     <span class='ocr_line' id='line_1_8' title="bbox 225 1000 1329 1083; baseline -0.007 -14"><span class='ocrx_word' id='word_1_54' title='bbox 225 1004 363 1069; x_wconf 81' lang='lat' dir='ltr'>invidisse</span> <span class='ocrx_word' id='word_1_55' title='bbox 375 1004 495 1075; x_wconf 81' lang='lat' dir='ltr'>nemini,</span> <span class='ocrx_word' id='word_1_56' title='bbox 510 1002 559 1083; x_wconf 87' lang='lat' dir='ltr'>qui</span> <span class='ocrx_word' id='word_1_57' title='bbox 573 1002 689 1065; x_wconf 86' lang='lat' dir='ltr'>doctius</span> <span class='ocrx_word' id='word_1_58' title='bbox 702 1012 755 1065; x_wconf 91' lang='lat' dir='ltr'>aut</span> <span class='ocrx_word' id='word_1_59' title='bbox 765 1002 940 1083; x_wconf 72' lang='lat' dir='ltr'>mplicetina</span> <span class='ocrx_word' id='word_1_60' title='bbox 950 1002 1062 1082; x_wconf 82' lang='lat' dir='ltr'>aliquid</span> <span class='ocrx_word' id='word_1_61' title='bbox 1073 1000 1179 1063; x_wconf 55' lang='grc' dir='ltr'>ἀπ’</span> <span class='ocrx_word' id='word_1_62' title='bbox 1191 1002 1283 1063; x_wconf 83' lang='lat' dir='ltr'>vellet</span> <span class='ocrx_word' id='word_1_63' title='bbox 1294 1001 1329 1061; x_wconf 86' lang='lat' dir='ltr'>&#39;ss</span> 
     </span>
     <span class='ocr_line' id='line_1_9' title="bbox 226 1094 1329 1175; baseline -0.003 -18"><span class='ocrx_word' id='word_1_64' title='bbox 226 1098 366 1161; x_wconf 86' lang='lat' dir='ltr'>medium.</span> <span class='ocrx_word' id='word_1_65' title='bbox 407 1096 467 1158; x_wconf 89' lang='lat' dir='ltr'>Sed</span> <span class='ocrx_word' id='word_1_66' title='bbox 481 1096 540 1157; x_wconf 91' lang='lat' dir='ltr'>hoc</span> <span class='ocrx_word' id='word_1_67' title='bbox 554 1096 594 1157; x_wconf 87' lang='lat' dir='ltr'>ed</span> <span class='ocrx_word' id='word_1_68' title='bbox 606 1095 765 1157; x_wconf 82' lang='lat' dir='ltr'>verborum</span> <span class='ocrx_word' id='word_1_69' title='bbox 781 1095 970 1175; x_wconf 69' lang='lat' dir='ltr'>interpretem</span> <span class='ocrx_word' id='word_1_70' title='bbox 982 1104 1107 1155; x_wconf 78' lang='lat' dir='ltr'>estem</span> <span class='ocrx_word' id='word_1_71' title='bbox 1117 1094 1268 1157; x_wconf 62' lang='lat' dir='ltr'>enasse</span> <span class='ocrx_word' id='word_1_72' title='bbox 1280 1105 1329 1154; x_wconf 90' lang='lat' dir='ltr'>at·</span> 
     </span>
     <span class='ocr_line' id='line_1_10' title="bbox 226 1186 1330 1268; baseline -0.002 -17"><span class='ocrx_word' id='word_1_73' title='bbox 226 1190 310 1263; x_wconf 87' lang='lat' dir='ltr'>tinet,</span> <span class='ocrx_word' id='word_1_74' title='bbox 325 1200 358 1253; x_wconf 87' lang='lat' dir='ltr'>ut</span> <span class='ocrx_word' id='word_1_75' title='bbox 372 1209 410 1250; x_wconf 89' lang='lat' dir='ltr'>nc</span> <span class='ocrx_word' id='word_1_76' title='bbox 426 1189 485 1249; x_wconf 87' lang='lat' dir='ltr'>otio</span> <span class='ocrx_word' id='word_1_77' title='bbox 498 1191 569 1268; x_wconf 78' lang='lat' dir='ltr'>(quo</span> <span class='ocrx_word' id='word_1_78' title='bbox 583 1208 641 1267; x_wconf 76' lang='lat' dir='ltr'>ego</span> <span class='ocrx_word' id='word_1_79' title='bbox 655 1197 735 1249; x_wconf 84' lang='lat' dir='ltr'>certe</span> <span class='ocrx_word' id='word_1_80' title='bbox 749 1188 867 1249; x_wconf 79' lang='lat' dir='ltr'>minime</span> <span class='ocrx_word' id='word_1_81' title='bbox 880 1186 1132 1264; x_wconf 65' lang='lat' dir='ltr'>minimatum</span> <span class='ocrx_word' id='word_1_82' title='bbox 1149 1206 1216 1249; x_wconf 86' lang='lat' dir='ltr'>asse</span> <span class='ocrx_word' id='word_1_83' title='bbox 1226 1186 1330 1249; x_wconf 66' lang='lat' dir='ltr'>sides-</span> 
     </span>
     <span class='ocr_line' id='line_1_11' title="bbox 224 1278 1328 1361; baseline -0.005 -16"><span class='ocrx_word' id='word_1_84' title='bbox 224 1293 301 1345; x_wconf 79' lang='lat' dir='ltr'>turz-</span> <span class='ocrx_word' id='word_1_85' title='bbox 316 1292 425 1343; x_wconf 79' lang='lat' dir='ltr'>metere</span> <span class='ocrx_word' id='word_1_86' title='bbox 446 1281 501 1361; x_wconf 90' lang='lat' dir='ltr'>ipsi</span> <span class='ocrx_word' id='word_1_87' title='bbox 524 1281 620 1341; x_wconf 86' lang='lat' dir='ltr'>sutori</span> <span class='ocrx_word' id='word_1_88' title='bbox 640 1280 808 1360; x_wconf 76' lang='lat' dir='ltr'>pruestenda</span> <span class='ocrx_word' id='word_1_89' title='bbox 830 1290 909 1350; x_wconf 71' lang='lat' dir='ltr'>suat,</span> <span class='ocrx_word' id='word_1_90' title='bbox 928 1278 991 1339; x_wconf 83' lang='lat' dir='ltr'>siva</span> <span class='ocrx_word' id='word_1_91' title='bbox 1010 1278 1035 1339; x_wconf 91' lang='lat' dir='ltr'>is</span> <span class='ocrx_word' id='word_1_92' title='bbox 1057 1280 1145 1350; x_wconf 84' lang='lat' dir='ltr'>bene,</span> <span class='ocrx_word' id='word_1_93' title='bbox 1165 1279 1227 1340; x_wconf 83' lang='lat' dir='ltr'>sive</span> <span class='ocrx_word' id='word_1_94' title='bbox 1247 1280 1328 1339; x_wconf 83' lang='lat' dir='ltr'>maie</span> 
     </span>
     <span class='ocr_line' id='line_1_12' title="bbox 225 1370 1327 1455; baseline -0.003 -19"><span class='ocrx_word' id='word_1_95' title='bbox 225 1374 375 1455; x_wconf 69' lang='lat' dir='ltr'>scripserit</span> <span class='ocrx_word' id='word_1_96' title='bbox 388 1393 422 1434; x_wconf 85' lang='lat' dir='ltr'>ec</span> <span class='ocrx_word' id='word_1_97' title='bbox 436 1373 577 1434; x_wconf 80' lang='lat' dir='ltr'><strong>docuerit.</strong></span> <span class='ocrx_word' id='word_1_98' title='bbox 620 1372 697 1433; x_wconf 90' lang='lat' dir='ltr'>Illud</span> <span class='ocrx_word' id='word_1_99' title='bbox 714 1383 814 1433; x_wconf 85' lang='lat' dir='ltr'>entem</span> <span class='ocrx_word' id='word_1_100' title='bbox 826 1372 928 1432; x_wconf 76' lang='lat' dir='ltr'>iecere</span> <span class='ocrx_word' id='word_1_101' title='bbox 940 1370 1155 1443; x_wconf 71' lang='lat' dir='ltr'>non-cutinei,</span> <span class='ocrx_word' id='word_1_102' title='bbox 1170 1383 1205 1431; x_wconf 88' lang='lat' dir='ltr'>nt</span> <span class='ocrx_word' id='word_1_103' title='bbox 1217 1370 1327 1433; x_wconf 75' lang='lat' dir='ltr'>alieubi</span> 
     </span>
     <span class='ocr_line' id='line_1_13' title="bbox 224 1462 1328 1549; baseline -0.004 -22"><span class='ocrx_word' id='word_1_104' title='bbox 224 1478 396 1549; x_wconf 83' lang='lat' dir='ltr'>perpetuam</span> <span class='ocrx_word' id='word_1_105' title='bbox 412 1466 530 1547; x_wconf 89' lang='lat' dir='ltr'>Ulpiani</span> <span class='ocrx_word' id='word_1_106' title='bbox 550 1464 721 1539; x_wconf 85' lang='lat' dir='ltr'>cretionem,</span> <span class='ocrx_word' id='word_1_107' title='bbox 738 1464 887 1525; x_wconf 75' lang='lat' dir='ltr'>brevitatis</span> <span class='ocrx_word' id='word_1_108' title='bbox 905 1464 1058 1525; x_wconf 62' lang='lat' dir='ltr'>meranda</span> <span class='ocrx_word' id='word_1_109' title='bbox 1074 1474 1108 1525; x_wconf 86' lang='lat' dir='ltr'>et</span> <span class='ocrx_word' id='word_1_110' title='bbox 1125 1462 1267 1524; x_wconf 84' lang='lat' dir='ltr'>melastire</span> <span class='ocrx_word' id='word_1_111' title='bbox 1282 1463 1328 1523; x_wconf 78' lang='lat' dir='ltr'>si-</span> 
     </span>
     <span class='ocr_line' id='line_1_14' title="bbox 225 1557 1327 1630; baseline 0.002 -10"><span class='ocrx_word' id='word_1_112' title='bbox 225 1560 325 1620; x_wconf 81' lang='lat' dir='ltr'>tandes</span> <span class='ocrx_word' id='word_1_113' title='bbox 344 1578 444 1630; x_wconf 87' lang='lat' dir='ltr'>csues,</span> <span class='ocrx_word' id='word_1_114' title='bbox 463 1558 527 1619; x_wconf 88' lang='lat' dir='ltr'>sine</span> <span class='ocrx_word' id='word_1_115' title='bbox 545 1557 606 1617; x_wconf 89' lang='lat' dir='ltr'>ullo</span> <span class='ocrx_word' id='word_1_116' title='bbox 626 1557 735 1619; x_wconf 82' lang='lat' dir='ltr'>eutcr&#39;u</span> <span class='ocrx_word' id='word_1_117' title='bbox 756 1558 939 1630; x_wconf 87' lang='lat' dir='ltr'>detrimento,</span> <span class='ocrx_word' id='word_1_118' title='bbox 959 1559 1177 1630; x_wconf 68' lang='lat' dir='ltr'>intentantem,</span> <span class='ocrx_word' id='word_1_119' title='bbox 1190 1568 1222 1617; x_wconf 86' lang='lat' dir='ltr'>et</span> <span class='ocrx_word' id='word_1_120' title='bbox 1233 1558 1327 1622; x_wconf 73' lang='lat' dir='ltr'>verbe</span> 
     </span>
     <span class='ocr_line' id='line_1_15' title="bbox 225 1649 1327 1731; baseline -0.002 -20"><span class='ocrx_word' id='word_1_121' title='bbox 225 1651 435 1713; x_wconf 73' lang='lat' dir='ltr'><strong>Demosthenis</strong></span> <span class='ocrx_word' id='word_1_122' title='bbox 447 1650 657 1731; x_wconf 87' lang='lat' dir='ltr'>parenthesecs</span> <span class='ocrx_word' id='word_1_123' title='bbox 670 1650 756 1729; x_wconf 75' lang='lat' dir='ltr'>signo</span> <span class='ocrx_word' id='word_1_124' title='bbox 768 1650 948 1711; x_wconf 74' lang='lat' dir='ltr'><strong>clauderem.</strong></span> <span class='ocrx_word' id='word_1_125' title='bbox 983 1649 1084 1709; x_wconf 80' lang='lat' dir='ltr'>Veluti</span> <span class='ocrx_word' id='word_1_126' title='bbox 1096 1668 1166 1709; x_wconf 80' lang='lat' dir='ltr'>erras</span> <span class='ocrx_word' id='word_1_127' title='bbox 1179 1650 1327 1729; x_wconf 87' lang='lat' dir='ltr'>Ulpissns</span> 
     </span>
     <span class='ocr_line' id='line_1_16' title="bbox 224 1742 1326 1826; baseline -0.003 -21"><span class='ocrx_word' id='word_1_128' title='bbox 224 1744 327 1816; x_wconf 63' lang='lat' dir='ltr'>hebet,</span> <span class='ocrx_word' id='word_1_129' title='bbox 339 1747 370 1805; x_wconf 75' lang='lat' dir='ltr'>iv</span> <span class='ocrx_word' id='word_1_130' title='bbox 383 1744 415 1803; x_wconf 82' lang='grc' dir='ltr'>δὲ</span> <span class='ocrx_word' id='word_1_131' title='bbox 427 1748 476 1826; x_wconf 69' lang='grc' dir='ltr'>τᾷ,</span> <span class='ocrx_word' id='word_1_132' title='bbox 487 1748 542 1825; x_wconf 67' lang='grc' dir='ltr'>οὐχ</span> <span class='ocrx_word' id='word_1_133' title='bbox 553 1742 594 1804; x_wconf 75' lang='lat' dir='ltr'>tvl</span> <span class='ocrx_word' id='word_1_134' title='bbox 603 1743 698 1803; x_wconf 74' lang='grc' dir='ltr'><strong>δέδωκε</strong></span> <span class='ocrx_word' id='word_1_135' title='bbox 711 1746 815 1823; x_wconf 54' lang='grc' dir='ltr'>τρόπῳ,</span> <span class='ocrx_word' id='word_1_136' title='bbox 828 1745 972 1823; x_wconf 66' lang='lat' dir='ltr'>oppilatae</span> <span class='ocrx_word' id='word_1_137' title='bbox 983 1744 1001 1799; x_wconf 77' lang='lat' dir='ltr'>l</span> <span class='ocrx_word' id='word_1_138' title='bbox 1013 1742 1115 1821; x_wconf 65' lang='grc' dir='ltr'>ῥήτωρ,</span> <span class='ocrx_word' id='word_1_139' title='bbox 1129 1760 1188 1819; x_wconf 72' lang='lat' dir='ltr'>ego</span> <span class='ocrx_word' id='word_1_140' title='bbox 1201 1742 1244 1801; x_wconf 80' lang='lat' dir='ltr'>aie</span> <span class='ocrx_word' id='word_1_141' title='bbox 1253 1742 1326 1803; x_wconf 74' lang='lat' dir='ltr'>feci.</span> 
     </span>
     <span class='ocr_line' id='line_1_17' title="bbox 225 1834 1327 1917; baseline -0.004 -18"><span class='ocrx_word' id='word_1_142' title='bbox 225 1838 294 1899; x_wconf 74' lang='lat' dir='ltr'>Non</span> <span class='ocrx_word' id='word_1_143' title='bbox 307 1858 360 1897; x_wconf 69' lang='lat' dir='ltr'>sno</span> <span class='ocrx_word' id='word_1_144' title='bbox 371 1839 449 1899; x_wconf 83' lang='lat' dir='ltr'>modo</span> <span class='ocrx_word' id='word_1_145' title='bbox 462 1838 556 1909; x_wconf 62' lang='lat' dir='ltr'>dedu)</span> <span class='ocrx_word' id='word_1_146' title='bbox 588 1836 650 1899; x_wconf 79' lang='lat' dir='ltr'>Hic</span> <span class='ocrx_word' id='word_1_147' title='bbox 662 1836 792 1915; x_wconf 73' lang='lat' dir='ltr'>captiose</span> <span class='ocrx_word' id='word_1_148' title='bbox 801 1835 980 1914; x_wconf 65' lang='lat' dir='ltr'>agitatior.</span> <span class='ocrx_word' id='word_1_149' title='bbox 1020 1834 1174 1915; x_wconf 68' lang='lat' dir='ltr'>Alioquiel</span> <span class='ocrx_word' id='word_1_150' title='bbox 1184 1836 1216 1897; x_wconf 73' lang='lat' dir='ltr'>lv</span> <span class='ocrx_word' id='word_1_151' title='bbox 1229 1836 1263 1895; x_wconf 74' lang='grc' dir='ltr'>δὲ</span> <span class='ocrx_word' id='word_1_152' title='bbox 1273 1841 1327 1917; x_wconf 64' lang='lat' dir='ltr'>esi,</span> 
     </span>
     <span class='ocr_line' id='line_1_18' title="bbox 223 1925 1327 2010; baseline -0.004 -18"><span class='ocrx_word' id='word_1_153' title='bbox 223 1932 380 1993; x_wconf 74' lang='lat' dir='ltr'>voluissem</span> <span class='ocrx_word' id='word_1_154' title='bbox 402 1931 579 2010; x_wconf 75' lang='lat' dir='ltr'>exprimere,</span> <span class='ocrx_word' id='word_1_155' title='bbox 603 1927 761 1989; x_wconf 83' lang='lat' dir='ltr'>dicendum</span> <span class='ocrx_word' id='word_1_156' title='bbox 778 1927 909 1987; x_wconf 72' lang='lat' dir='ltr'>fuissets.</span> <span class='ocrx_word' id='word_1_157' title='bbox 922 1927 961 1985; x_wconf 88' lang='lat' dir='ltr'>In</span> <span class='ocrx_word' id='word_1_158' title='bbox 979 1925 1024 1987; x_wconf 87' lang='lat' dir='ltr'>iris</span> <span class='ocrx_word' id='word_1_159' title='bbox 1036 1938 1136 1988; x_wconf 82' lang='lat' dir='ltr'>satem</span> <span class='ocrx_word' id='word_1_160' title='bbox 1146 1928 1253 2000; x_wconf 80' lang='lat' dir='ltr'>serbis,</span> <span class='ocrx_word' id='word_1_161' title='bbox 1269 1948 1327 1988; x_wconf 76' lang='lat' dir='ltr'>sas</span> 
     </span>
     <span class='ocr_line' id='line_1_19' title="bbox 223 2018 1329 2100; baseline -0.003 -16"><span class='ocrx_word' id='word_1_162' title='bbox 223 2046 278 2085; x_wconf 80' lang='lat' dir='ltr'>seo</span> <span class='ocrx_word' id='word_1_163' title='bbox 290 2026 368 2083; x_wconf 81' lang='lat' dir='ltr'>medo</span> <span class='ocrx_word' id='word_1_164' title='bbox 381 2024 467 2092; x_wconf 81' lang='lat' dir='ltr'>dedit,</span> <span class='ocrx_word' id='word_1_165' title='bbox 486 2021 614 2100; x_wconf 84' lang='lat' dir='ltr'>captiose</span> <span class='ocrx_word' id='word_1_166' title='bbox 632 2019 694 2099; x_wconf 79' lang='lat' dir='ltr'>agit</span> <span class='ocrx_word' id='word_1_167' title='bbox 711 2030 816 2091; x_wconf 76' lang='lat' dir='ltr'>enter,</span> <span class='ocrx_word' id='word_1_168' title='bbox 836 2018 915 2098; x_wconf 81' lang='lat' dir='ltr'>qunti</span> <span class='ocrx_word' id='word_1_169' title='bbox 928 2036 1024 2097; x_wconf 79' lang='lat' dir='ltr'>neque</span> <span class='ocrx_word' id='word_1_170' title='bbox 1043 2019 1202 2080; x_wconf 69' lang='lat' dir='ltr'>dilucidius</span> <span class='ocrx_word' id='word_1_171' title='bbox 1214 2032 1273 2091; x_wconf 50' lang='grc' dir='ltr'>ας,</span> <span class='ocrx_word' id='word_1_172' title='bbox 1291 2031 1329 2081; x_wconf 85' lang='lat' dir='ltr'>et</span> 
     </span>
     <span class='ocr_line' id='line_1_20' title="bbox 223 2112 1328 2198; baseline -0.002 -23"><span class='ocrx_word' id='word_1_173' title='bbox 223 2116 373 2198; x_wconf 82' lang='lat' dir='ltr'>prolixius,</span> <span class='ocrx_word' id='word_1_174' title='bbox 391 2125 422 2175; x_wconf 90' lang='lat' dir='ltr'>et</span> <span class='ocrx_word' id='word_1_175' title='bbox 434 2115 505 2186; x_wconf 88' lang='lat' dir='ltr'>tale,</span> <span class='ocrx_word' id='word_1_176' title='bbox 518 2114 589 2173; x_wconf 86' lang='lat' dir='ltr'>utsi</span> <span class='ocrx_word' id='word_1_177' title='bbox 606 2113 708 2193; x_wconf 78' lang='lat' dir='ltr'>paucis</span> <span class='ocrx_word' id='word_1_178' title='bbox 720 2112 753 2171; x_wconf 90' lang='lat' dir='ltr'>in</span> <span class='ocrx_word' id='word_1_179' title='bbox 764 2112 896 2173; x_wconf 84' lang='lat' dir='ltr'>versibus</span> <span class='ocrx_word' id='word_1_180' title='bbox 913 2112 1022 2191; x_wconf 74' lang='lat' dir='ltr'>sepius</span> <span class='ocrx_word' id='word_1_181' title='bbox 1034 2122 1193 2191; x_wconf 63' lang='lat' dir='ltr'>repetstm</span> <span class='ocrx_word' id='word_1_182' title='bbox 1206 2112 1328 2173; x_wconf 71' lang='lat' dir='ltr'>fastidio</span> 
     </span>
     <span class='ocr_line' id='line_1_21' title="bbox 223 2204 1321 2285; baseline -0.005 -14"><span class='ocrx_word' id='word_1_183' title='bbox 223 2210 367 2271; x_wconf 84' lang='lat' dir='ltr'>lectorem</span> <span class='ocrx_word' id='word_1_184' title='bbox 387 2216 504 2267; x_wconf 82' lang='lat' dir='ltr'>enecet.</span> <span class='ocrx_word' id='word_1_185' title='bbox 544 2204 642 2265; x_wconf 83' lang='lat' dir='ltr'>Nemo</span> <span class='ocrx_word' id='word_1_186' title='bbox 655 2204 755 2284; x_wconf 77' lang='lat' dir='ltr'>igitur,</span> <span class='ocrx_word' id='word_1_187' title='bbox 776 2204 889 2285; x_wconf 87' lang='lat' dir='ltr'>opinor,</span> <span class='ocrx_word' id='word_1_188' title='bbox 903 2204 964 2265; x_wconf 83' lang='lat' dir='ltr'>hoc</span> <span class='ocrx_word' id='word_1_189' title='bbox 980 2204 1092 2265; x_wconf 84' lang='lat' dir='ltr'>facturn</span> <span class='ocrx_word' id='word_1_190' title='bbox 1110 2205 1321 2284; x_wconf 53' lang='lat' dir='ltr'>reprendet,</span> 
     </span>
     <span class='ocr_line' id='line_1_22' title="bbox 223 2287 1327 2382; baseline 0.001 -21"><span class='ocrx_word' id='word_1_191' title='bbox 223 2300 386 2382; x_wconf 74' lang='lat' dir='ltr'>presertim</span> <span class='ocrx_word' id='word_1_192' title='bbox 405 2318 473 2359; x_wconf 89' lang='lat' dir='ltr'>cum</span> <span class='ocrx_word' id='word_1_193' title='bbox 490 2298 533 2359; x_wconf 87' lang='lat' dir='ltr'>ite</span> <span class='ocrx_word' id='word_1_194' title='bbox 552 2306 693 2359; x_wconf 86' lang='lat' dir='ltr'>tractetus</span> <span class='ocrx_word' id='word_1_195' title='bbox 712 2298 751 2358; x_wconf 89' lang='lat' dir='ltr'>sit</span> <span class='ocrx_word' id='word_1_196' title='bbox 765 2298 918 2377; x_wconf 88' lang='lat' dir='ltr'>Ulpianus,</span> <span class='ocrx_word' id='word_1_197' title='bbox 931 2308 966 2357; x_wconf 89' lang='lat' dir='ltr'>nt</span> <span class='ocrx_word' id='word_1_198' title='bbox 982 2287 1021 2358; x_wconf 71' lang='lat' dir='ltr'>ib</span> <span class='ocrx_word' id='word_1_199' title='bbox 1041 2297 1327 2362; x_wconf 65' lang='lat' dir='ltr'>ammonitem</span> 
     </span>
     <span class='ocr_line' id='line_1_23' title="bbox 224 2389 1327 2470; baseline -0.004 -16"><span class='ocrx_word' id='word_1_200' title='bbox 224 2393 437 2464; x_wconf 73' lang='lat' dir='ltr'>annotationes,</span> <span class='ocrx_word' id='word_1_201' title='bbox 451 2402 591 2470; x_wconf 76' lang='lat' dir='ltr'>tenqnam</span> <span class='ocrx_word' id='word_1_202' title='bbox 602 2390 641 2450; x_wconf 83' lang='lat' dir='ltr'>ab</span> <span class='ocrx_word' id='word_1_203' title='bbox 654 2391 738 2470; x_wconf 87' lang='lat' dir='ltr'>equis</span> <span class='ocrx_word' id='word_1_204' title='bbox 750 2391 791 2450; x_wconf 87' lang='lat' dir='ltr'>ed</span> <span class='ocrx_word' id='word_1_205' title='bbox 803 2391 909 2462; x_wconf 81' lang='lat' dir='ltr'>seinos,</span> <span class='ocrx_word' id='word_1_206' title='bbox 925 2389 1081 2450; x_wconf 80' lang='lat' dir='ltr'>devolutus</span> <span class='ocrx_word' id='word_1_207' title='bbox 1099 2408 1166 2451; x_wconf 87' lang='lat' dir='ltr'>esse</span> <span class='ocrx_word' id='word_1_208' title='bbox 1178 2389 1327 2450; x_wconf 78' lang='lat' dir='ltr'>rideatur.</span> 
     </span>
     <span class='ocr_line' id='line_1_24' title="bbox 224 2482 1324 2563; baseline -0.003 -17"><span class='ocrx_word' id='word_1_209' title='bbox 224 2486 259 2547; x_wconf 86' lang='lat' dir='ltr'>ln</span> <span class='ocrx_word' id='word_1_210' title='bbox 273 2486 342 2545; x_wconf 89' lang='lat' dir='ltr'>ertie</span> <span class='ocrx_word' id='word_1_211' title='bbox 356 2497 455 2546; x_wconf 89' lang='lat' dir='ltr'>autern</span> <span class='ocrx_word' id='word_1_212' title='bbox 467 2483 629 2555; x_wconf 72' lang='lat' dir='ltr'>vocabulis,</span> <span class='ocrx_word' id='word_1_213' title='bbox 643 2484 780 2561; x_wconf 82' lang='lat' dir='ltr'>quonism</span> <span class='ocrx_word' id='word_1_214' title='bbox 798 2482 912 2545; x_wconf 87' lang='lat' dir='ltr'>Latinis</span> <span class='ocrx_word' id='word_1_215' title='bbox 924 2482 1032 2563; x_wconf 84' lang='lat' dir='ltr'>partim</span> <span class='ocrx_word' id='word_1_216' title='bbox 1043 2502 1161 2562; x_wconf 85' lang='lat' dir='ltr'>prorsus</span> <span class='ocrx_word' id='word_1_217' title='bbox 1174 2484 1324 2554; x_wconf 66' lang='lat' dir='ltr'>monem,</span> 
     </span>
     <span class='ocr_line' id='line_1_25' title="bbox 221 2576 1326 2659; baseline 0 -22"><span class='ocrx_word' id='word_1_218' title='bbox 221 2580 327 2659; x_wconf 85' lang='lat' dir='ltr'>per-tim</span> <span class='ocrx_word' id='word_1_219' title='bbox 341 2579 411 2641; x_wconf 82' lang='lat' dir='ltr'>setis</span> <span class='ocrx_word' id='word_1_220' title='bbox 425 2577 543 2657; x_wconf 84' lang='lat' dir='ltr'>proprie</span> <span class='ocrx_word' id='word_1_221' title='bbox 555 2576 788 2647; x_wconf 80' lang='lat' dir='ltr'>nonhabebam,</span> <span class='ocrx_word' id='word_1_222' title='bbox 807 2587 860 2637; x_wconf 86' lang='lat' dir='ltr'>aut</span> <span class='ocrx_word' id='word_1_223' title='bbox 872 2576 1185 2657; x_wconf 81' lang='lat' dir='ltr'>Groeesipesreliqsi,</span> <span class='ocrx_word' id='word_1_224' title='bbox 1197 2589 1250 2637; x_wconf 88' lang='lat' dir='ltr'>aut</span> <span class='ocrx_word' id='word_1_225' title='bbox 1262 2576 1326 2637; x_wconf 83' lang='lat' dir='ltr'>La·</span> 
     </span>
     <span class='ocr_line' id='line_1_26' title="bbox 223 2668 1328 2750; baseline -0.003 -19"><span class='ocrx_word' id='word_1_226' title='bbox 223 2672 314 2733; x_wconf 82' lang='lat' dir='ltr'>tinem</span> <span class='ocrx_word' id='word_1_227' title='bbox 331 2670 610 2750; x_wconf 78' lang='lat' dir='ltr'>interpretationem,</span> <span class='ocrx_word' id='word_1_228' title='bbox 628 2686 687 2727; x_wconf 89' lang='lat' dir='ltr'>non</span> <span class='ocrx_word' id='word_1_229' title='bbox 701 2688 789 2747; x_wconf 88' lang='lat' dir='ltr'>quam</span> <span class='ocrx_word' id='word_1_230' title='bbox 801 2668 890 2741; x_wconf 87' lang='lat' dir='ltr'>volui,</span> <span class='ocrx_word' id='word_1_231' title='bbox 903 2668 956 2729; x_wconf 88' lang='lat' dir='ltr'>sed</span> <span class='ocrx_word' id='word_1_232' title='bbox 970 2687 1057 2746; x_wconf 86' lang='lat' dir='ltr'>quem</span> <span class='ocrx_word' id='word_1_233' title='bbox 1070 2670 1162 2749; x_wconf 86' lang='lat' dir='ltr'>potui,</span> <span class='ocrx_word' id='word_1_234' title='bbox 1176 2688 1328 2748; x_wconf 75' lang='lat' dir='ltr'>quamque</span> 
     </span>
     <span class='ocr_line' id='line_1_27' title="bbox 223 2760 1325 2841; baseline -0.003 -17"><span class='ocrx_word' id='word_1_235' title='bbox 223 2764 373 2825; x_wconf 79' lang='lat' dir='ltr'>festinatio</span> <span class='ocrx_word' id='word_1_236' title='bbox 394 2774 425 2823; x_wconf 94' lang='lat' dir='ltr'>et</span> <span class='ocrx_word' id='word_1_237' title='bbox 446 2781 512 2821; x_wconf 87' lang='lat' dir='ltr'>mee</span> <span class='ocrx_word' id='word_1_238' title='bbox 530 2772 561 2821; x_wconf 87' lang='lat' dir='ltr'>et</span> <span class='ocrx_word' id='word_1_239' title='bbox 573 2760 749 2840; x_wconf 68' lang='lat' dir='ltr'>typographi</span> <span class='ocrx_word' id='word_1_240' title='bbox 762 2780 850 2841; x_wconf 81' lang='lat' dir='ltr'>passe</span> <span class='ocrx_word' id='word_1_241' title='bbox 862 2772 919 2833; x_wconf 80' lang='lat' dir='ltr'>est,</span> <span class='ocrx_word' id='word_1_242' title='bbox 936 2760 1043 2837; x_wconf 74' lang='lat' dir='ltr'>adjeci.</span> <span class='ocrx_word' id='word_1_243' title='bbox 1083 2760 1216 2841; x_wconf 88' lang='lat' dir='ltr'>Oporino</span> <span class='ocrx_word' id='word_1_244' title='bbox 1234 2762 1325 2834; x_wconf 87' lang='lat' dir='ltr'>enim,</span> 
     </span>
     <span class='ocr_line' id='line_1_28' title="bbox 224 2852 1324 2935; baseline -0.004 -17"><span class='ocrx_word' id='word_1_245' title='bbox 224 2858 360 2918; x_wconf 79' lang='lat' dir='ltr'>acerrimi</span> <span class='ocrx_word' id='word_1_246' title='bbox 371 2854 475 2935; x_wconf 86' lang='lat' dir='ltr'>judicii</span> <span class='ocrx_word' id='word_1_247' title='bbox 484 2853 557 2925; x_wconf 83' lang='lat' dir='ltr'>viro,</span> <span class='ocrx_word' id='word_1_248' title='bbox 572 2854 660 2913; x_wconf 84' lang='lat' dir='ltr'>certis</span> <span class='ocrx_word' id='word_1_249' title='bbox 675 2852 714 2913; x_wconf 88' lang='lat' dir='ltr'>de</span> <span class='ocrx_word' id='word_1_250' title='bbox 728 2853 833 2927; x_wconf 82' lang='lat' dir='ltr'>causis,</span> <span class='ocrx_word' id='word_1_251' title='bbox 843 2872 916 2934; x_wconf 84' lang='lat' dir='ltr'>quae</span> <span class='ocrx_word' id='word_1_252' title='bbox 932 2873 991 2914; x_wconf 85' lang='lat' dir='ltr'>nec</span> <span class='ocrx_word' id='word_1_253' title='bbox 1003 2854 1067 2933; x_wconf 89' lang='lat' dir='ltr'>ipse</span> <span class='ocrx_word' id='word_1_254' title='bbox 1079 2854 1250 2933; x_wconf 79' lang='lat' dir='ltr'>improbavi,</span> <span class='ocrx_word' id='word_1_255' title='bbox 1262 2874 1324 2914; x_wconf 91' lang='lat' dir='ltr'>non</span> 
     </span>
     <span class='ocr_line' id='line_1_29' title="bbox 222 2945 1325 3027; baseline -0.001 -16"><span class='ocrx_word' id='word_1_256' title='bbox 222 2951 316 3012; x_wconf 85' lang='lat' dir='ltr'>risum</span> <span class='ocrx_word' id='word_1_257' title='bbox 331 2960 376 3011; x_wconf 84' lang='lat' dir='ltr'>eet</span> <span class='ocrx_word' id='word_1_258' title='bbox 389 2948 550 3027; x_wconf 82' lang='lat' dir='ltr'>Ulpimrum</span> <span class='ocrx_word' id='word_1_259' title='bbox 563 2945 685 3007; x_wconf 86' lang='lat' dir='ltr'>seorsim</span> <span class='ocrx_word' id='word_1_260' title='bbox 699 2966 765 3009; x_wconf 85' lang='lat' dir='ltr'>esse</span> <span class='ocrx_word' id='word_1_261' title='bbox 782 2947 942 3019; x_wconf 84' lang='lat' dir='ltr'>edendum,</span> <span class='ocrx_word' id='word_1_262' title='bbox 954 2947 1020 3019; x_wconf 71' lang='lat' dir='ltr'>sed,</span> <span class='ocrx_word' id='word_1_263' title='bbox 1032 2947 1169 3027; x_wconf 85' lang='lat' dir='ltr'>quoniam</span> <span class='ocrx_word' id='word_1_264' title='bbox 1186 2958 1248 3010; x_wconf 79' lang='lat' dir='ltr'>tssr</span> <span class='ocrx_word' id='word_1_265' title='bbox 1261 2966 1325 3010; x_wconf 80' lang='lat' dir='ltr'>ma·</span> 
     </span>
     <span class='ocr_line' id='line_1_30' title="bbox 222 3039 1329 3121; baseline -0.006 -17"><span class='ocrx_word' id='word_1_266' title='bbox 222 3056 290 3105; x_wconf 89' lang='lat' dir='ltr'>ture</span> <span class='ocrx_word' id='word_1_267' title='bbox 304 3044 343 3103; x_wconf 86' lang='lat' dir='ltr'>ed</span> <span class='ocrx_word' id='word_1_268' title='bbox 357 3041 470 3103; x_wconf 87' lang='lat' dir='ltr'>calcem</span> <span class='ocrx_word' id='word_1_269' title='bbox 483 3039 690 3120; x_wconf 86' lang='lat' dir='ltr'>pervenissem,</span> <span class='ocrx_word' id='word_1_270' title='bbox 707 3040 900 3121; x_wconf 85' lang='lat' dir='ltr'>interpretem</span> <span class='ocrx_word' id='word_1_271' title='bbox 916 3060 982 3101; x_wconf 78' lang='lat' dir='ltr'>utrm</span> <span class='ocrx_word' id='word_1_272' title='bbox 1002 3050 1106 3101; x_wconf 85' lang='lat' dir='ltr'>autore</span> <span class='ocrx_word' id='word_1_273' title='bbox 1127 3059 1183 3103; x_wconf 84' lang='lat' dir='ltr'>erse</span> <span class='ocrx_word' id='word_1_274' title='bbox 1199 3045 1329 3116; x_wconf 67' lang='lat' dir='ltr'>conjure«</span> 
     </span>
     <span class='ocr_line' id='line_1_31' title="bbox 222 3132 1326 3216; baseline -0.004 -19"><span class='ocrx_word' id='word_1_275' title='bbox 222 3136 364 3216; x_wconf 76' lang='lat' dir='ltr'>gendum.</span> <span class='ocrx_word' id='word_1_276' title='bbox 405 3133 539 3193; x_wconf 82' lang='lat' dir='ltr'>Maxime</span> <span class='ocrx_word' id='word_1_277' title='bbox 561 3142 660 3193; x_wconf 81' lang='lat' dir='ltr'>sutem</span> <span class='ocrx_word' id='word_1_278' title='bbox 680 3132 754 3193; x_wconf 86' lang='lat' dir='ltr'>illud</span> <span class='ocrx_word' id='word_1_279' title='bbox 774 3152 841 3195; x_wconf 84' lang='lat' dir='ltr'>eum</span> <span class='ocrx_word' id='word_1_280' title='bbox 864 3134 905 3195; x_wconf 83' lang='lat' dir='ltr'>ed</span> <span class='ocrx_word' id='word_1_281' title='bbox 925 3132 1086 3195; x_wconf 83' lang='lat' dir='ltr'>editionem</span> <span class='ocrx_word' id='word_1_282' title='bbox 1107 3132 1222 3211; x_wconf 81' lang='lat' dir='ltr'>impulit</span> <span class='ocrx_word' id='word_1_283' title='bbox 1244 3154 1326 3213; x_wconf 86' lang='lat' dir='ltr'>pens</span> 
     </span>
     <span class='ocr_line' id='line_1_32' title="bbox 221 3222 1328 3308; baseline 0 -21"><span class='ocrx_word' id='word_1_284' title='bbox 221 3244 450 3308; x_wconf 75' lang='lat' dir='ltr'>prepropersm‚</span> <span class='ocrx_word' id='word_1_285' title='bbox 469 3222 550 3303; x_wconf 86' lang='lat' dir='ltr'>quod</span> <span class='ocrx_word' id='word_1_286' title='bbox 571 3242 619 3283; x_wconf 89' lang='lat' dir='ltr'>me</span> <span class='ocrx_word' id='word_1_287' title='bbox 637 3223 831 3304; x_wconf 81' lang='lat' dir='ltr'>longinquum</span> <span class='ocrx_word' id='word_1_288' title='bbox 849 3224 905 3285; x_wconf 83' lang='lat' dir='ltr'>iter</span> <span class='ocrx_word' id='word_1_289' title='bbox 917 3223 1063 3285; x_wconf 77' lang='lat' dir='ltr'>adernam</span> <span class='ocrx_word' id='word_1_290' title='bbox 1079 3223 1271 3301; x_wconf 73' lang='lat' dir='ltr'>intelligebat,</span> <span class='ocrx_word' id='word_1_291' title='bbox 1291 3226 1328 3287; x_wconf 88' lang='lat' dir='ltr'>in·</span> 
     </span>
     <span class='ocr_line' id='line_1_33' title="bbox 224 3316 1328 3403; baseline -0.003 -20"><span class='ocrx_word' id='word_1_292' title='bbox 224 3340 284 3403; x_wconf 88' lang='lat' dir='ltr'>quo</span> <span class='ocrx_word' id='word_1_293' title='bbox 309 3321 401 3401; x_wconf 75' lang='lat' dir='ltr'>(apud</span> <span class='ocrx_word' id='word_1_294' title='bbox 420 3329 537 3380; x_wconf 81' lang='lat' dir='ltr'>osterse</span> <span class='ocrx_word' id='word_1_295' title='bbox 562 3318 724 3397; x_wconf 72' lang='lat' dir='ltr'>presertim</span> <span class='ocrx_word' id='word_1_296' title='bbox 746 3316 892 3394; x_wconf 87' lang='lat' dir='ltr'>nationes)</span> <span class='ocrx_word' id='word_1_297' title='bbox 908 3317 998 3377; x_wconf 90' lang='lat' dir='ltr'>horno</span> <span class='ocrx_word' id='word_1_298' title='bbox 1017 3316 1245 3379; x_wconf 79' lang='lat' dir='ltr'>valetndimtrius</span> <span class='ocrx_word' id='word_1_299' title='bbox 1263 3320 1328 3381; x_wconf 83' lang='lat' dir='ltr'>lesi</span> 
     </span>
     <span class='ocr_line' id='line_1_34' title="bbox 222 3410 1326 3495; baseline -0.005 -19"><span class='ocrx_word' id='word_1_300' title='bbox 222 3414 322 3495; x_wconf 89' lang='lat' dir='ltr'>eliquo</span> <span class='ocrx_word' id='word_1_301' title='bbox 332 3434 400 3475; x_wconf 83' lang='lat' dir='ltr'>ceeu</span> <span class='ocrx_word' id='word_1_302' title='bbox 410 3411 452 3472; x_wconf 85' lang='lat' dir='ltr'>ite</span> <span class='ocrx_word' id='word_1_303' title='bbox 461 3410 605 3492; x_wconf 88' lang='lat' dir='ltr'>proetemi</span> <span class='ocrx_word' id='word_1_304' title='bbox 619 3420 725 3489; x_wconf 79' lang='lat' dir='ltr'>potest,</span> <span class='ocrx_word' id='word_1_305' title='bbox 734 3422 769 3470; x_wconf 91' lang='lat' dir='ltr'>ut</span> <span class='ocrx_word' id='word_1_306' title='bbox 781 3428 931 3489; x_wconf 75' lang='lat' dir='ltr'>nunquam</span> <span class='ocrx_word' id='word_1_307' title='bbox 945 3420 1086 3488; x_wconf 72' lang='lat' dir='ltr'>resurget</span> <span class='ocrx_word' id='word_1_308' title='bbox 1111 3410 1220 3473; x_wconf 79' lang='lat' dir='ltr'>Maluit</span> <span class='ocrx_word' id='word_1_309' title='bbox 1232 3412 1326 3491; x_wconf 76' lang='lat' dir='ltr'>igitm</span> 
     </span>
     <span class='ocr_line' id='line_1_35' title="bbox 223 3502 1329 3588; baseline -0.008 -19"><span class='ocrx_word' id='word_1_310' title='bbox 223 3508 381 3588; x_wconf 81' lang='lat' dir='ltr'>Ulpianum</span> <span class='ocrx_word' id='word_1_311' title='bbox 393 3506 628 3587; x_wconf 80' lang='lat' dir='ltr'>qualemcunque</span> <span class='ocrx_word' id='word_1_312' title='bbox 642 3504 741 3575; x_wconf 85' lang='lat' dir='ltr'>edere,</span> <span class='ocrx_word' id='word_1_313' title='bbox 756 3522 845 3583; x_wconf 81' lang='lat' dir='ltr'>quam</span> <span class='ocrx_word' id='word_1_314' title='bbox 858 3512 903 3565; x_wconf 84' lang='lat' dir='ltr'>tot</span> <span class='ocrx_word' id='word_1_315' title='bbox 913 3502 983 3563; x_wconf 76' lang='lat' dir='ltr'>mili</span> <span class='ocrx_word' id='word_1_316' title='bbox 995 3502 1112 3567; x_wconf 76' lang='lat' dir='ltr'>labores</span> <span class='ocrx_word' id='word_1_317' title='bbox 1125 3504 1244 3565; x_wconf 86' lang='lat' dir='ltr'>omnino</span> <span class='ocrx_word' id='word_1_318' title='bbox 1255 3524 1329 3583; x_wconf 53' lang='lat' dir='ltr'>per„</span> 
     </span>
     <span class='ocr_line' id='line_1_36' title="bbox 221 3595 1328 3681; baseline -0.002 -20"><span class='ocrx_word' id='word_1_319' title='bbox 221 3602 275 3674; x_wconf 88' lang='lat' dir='ltr'>ire,</span> <span class='ocrx_word' id='word_1_320' title='bbox 291 3620 410 3681; x_wconf 89' lang='lat' dir='ltr'>quorum</span> <span class='ocrx_word' id='word_1_321' title='bbox 423 3598 549 3661; x_wconf 77' lang='lat' dir='ltr'>fortasse</span> <span class='ocrx_word' id='word_1_322' title='bbox 562 3595 717 3657; x_wconf 84' lang='lat' dir='ltr'>lectoribus</span> <span class='ocrx_word' id='word_1_323' title='bbox 730 3596 820 3659; x_wconf 87' lang='lat' dir='ltr'>etiem</span> <span class='ocrx_word' id='word_1_324' title='bbox 831 3596 934 3675; x_wconf 78' lang='lat' dir='ltr'>uliquis</span> <span class='ocrx_word' id='word_1_325' title='bbox 947 3614 1018 3659; x_wconf 82' lang='lat' dir='ltr'>usus</span> <span class='ocrx_word' id='word_1_326' title='bbox 1037 3616 1104 3661; x_wconf 82' lang='lat' dir='ltr'>este</span> <span class='ocrx_word' id='word_1_327' title='bbox 1113 3608 1223 3677; x_wconf 76' lang='lat' dir='ltr'>postet</span> <span class='ocrx_word' id='word_1_328' title='bbox 1243 3596 1328 3659; x_wconf 81' lang='lat' dir='ltr'>Nam·</span> 
     </span>
     <span class='ocr_line' id='line_1_37' title="bbox 221 3688 1322 3775; baseline 0 -20"><span class='ocrx_word' id='word_1_329' title='bbox 221 3695 247 3755; x_wconf 89' lang='lat' dir='ltr'>sl</span> <span class='ocrx_word' id='word_1_330' title='bbox 260 3694 387 3775; x_wconf 81' lang='lat' dir='ltr'>spetlum</span> <span class='ocrx_word' id='word_1_331' title='bbox 401 3712 438 3753; x_wconf 84' lang='lat' dir='ltr'>ec</span> <span class='ocrx_word' id='word_1_332' title='bbox 451 3703 566 3771; x_wconf 87' lang='lat' dir='ltr'>tempus</span> <span class='ocrx_word' id='word_1_333' title='bbox 579 3689 676 3761; x_wconf 73' lang='lat' dir='ltr'>deur,</span> <span class='ocrx_word' id='word_1_334' title='bbox 689 3691 793 3767; x_wconf 86' lang='lat' dir='ltr'>mults,</span> <span class='ocrx_word' id='word_1_335' title='bbox 805 3711 872 3769; x_wconf 74' lang='lat' dir='ltr'>que</span> <span class='ocrx_word' id='word_1_336' title='bbox 888 3688 959 3751; x_wconf 82' lang='lat' dir='ltr'>milri</span> <span class='ocrx_word' id='word_1_337' title='bbox 971 3708 1091 3771; x_wconf 79' lang='lat' dir='ltr'>quoque</span> <span class='ocrx_word' id='word_1_338' title='bbox 1104 3692 1228 3752; x_wconf 73' lang='lat' dir='ltr'>obscum</span> <span class='ocrx_word' id='word_1_339' title='bbox 1240 3708 1322 3755; x_wconf 80' lang='lat' dir='ltr'>nunc</span> 
     </span>
     <span class='ocr_line' id='line_1_38' title="bbox 221 3781 1322 3865; baseline -0.006 -15"><span class='ocrx_word' id='word_1_340' title='bbox 221 3798 301 3859; x_wconf 83' lang='lat' dir='ltr'>eunt,</span> <span class='ocrx_word' id='word_1_341' title='bbox 310 3786 461 3847; x_wconf 86' lang='lat' dir='ltr'>declerere</span> <span class='ocrx_word' id='word_1_342' title='bbox 473 3802 560 3865; x_wconf 84' lang='lat' dir='ltr'>posse</span> <span class='ocrx_word' id='word_1_343' title='bbox 574 3781 687 3843; x_wconf 82' lang='lat' dir='ltr'>videor.</span> <span class='ocrx_word' id='word_1_344' title='bbox 727 3784 819 3851; x_wconf 79' lang='lat' dir='ltr'>Quod</span> <span class='ocrx_word' id='word_1_345' title='bbox 832 3783 901 3863; x_wconf 85' lang='lat' dir='ltr'>quie</span> <span class='ocrx_word' id='word_1_346' title='bbox 912 3801 974 3845; x_wconf 85' lang='lat' dir='ltr'>non</span> <span class='ocrx_word' id='word_1_347' title='bbox 980 3781 1165 3861; x_wconf 68' lang='lat' dir='ltr'>negligentis</span> <span class='ocrx_word' id='word_1_348' title='bbox 1176 3800 1254 3859; x_wconf 83' lang='lat' dir='ltr'>nea,</span> <span class='ocrx_word' id='word_1_349' title='bbox 1266 3782 1322 3843; x_wconf 79' lang='lat' dir='ltr'>sed</span> 
     </span>
     <span class='ocr_line' id='line_1_39' title="bbox 184 3874 1322 3959; baseline 0.002 -24"><span class='ocrx_word' id='word_1_350' title='bbox 184 3924 189 3935; x_wconf 95' lang='lat'><em>.</em></span> <span class='ocrx_word' id='word_1_351' title='bbox 221 3879 348 3942; x_wconf 71' lang='lat' dir='ltr'>fortune</span> <span class='ocrx_word' id='word_1_352' title='bbox 357 3880 454 3959; x_wconf 86' lang='lat' dir='ltr'>culpe,</span> <span class='ocrx_word' id='word_1_353' title='bbox 465 3898 514 3939; x_wconf 89' lang='lat' dir='ltr'>me</span> <span class='ocrx_word' id='word_1_354' title='bbox 523 3876 688 3958; x_wconf 71' lang='lat' dir='ltr'>pile-instar</span> <span class='ocrx_word' id='word_1_355' title='bbox 696 3877 852 3955; x_wconf 85' lang='lat' dir='ltr'>lrucstque</span> <span class='ocrx_word' id='word_1_356' title='bbox 860 3874 1322 3956; x_wconf 57' lang='lat' dir='ltr'>utuemmt&#39;mpmemisu</span> 
     </span>
     <span class='ocr_line' id='line_1_40' title="bbox 222 3968 1322 4049; baseline -0.004 -14"><span class='ocrx_word' id='word_1_357' title='bbox 222 3982 276 4044; x_wconf 85' lang='lat' dir='ltr'>eet,</span> <span class='ocrx_word' id='word_1_358' title='bbox 291 3971 405 4033; x_wconf 86' lang='lat' dir='ltr'>reniam</span> <span class='ocrx_word' id='word_1_359' title='bbox 419 3982 555 4033; x_wconf 89' lang='lat' dir='ltr'>meretur.</span> <span class='ocrx_word' id='word_1_360' title='bbox 598 3970 639 4031; x_wconf 85' lang='lat' dir='ltr'>Et</span> <span class='ocrx_word' id='word_1_361' title='bbox 658 3969 766 4049; x_wconf 81' lang='lat' dir='ltr'>alioqui</span> <span class='ocrx_word' id='word_1_362' title='bbox 786 3980 880 4032; x_wconf 81' lang='lat' dir='ltr'>totum</span> <span class='ocrx_word' id='word_1_363' title='bbox 896 3970 955 4031; x_wconf 88' lang='lat' dir='ltr'>hoc</span> <span class='ocrx_word' id='word_1_364' title='bbox 973 3988 1048 4048; x_wconf 87' lang='lat' dir='ltr'>opus</span> <span class='ocrx_word' id='word_1_365' title='bbox 1061 3968 1179 4031; x_wconf 79' lang='lat' dir='ltr'>omnine</span> <span class='ocrx_word' id='word_1_366' title='bbox 1190 3968 1252 4031; x_wconf 81' lang='lat' dir='ltr'>tale</span> <span class='ocrx_word' id='word_1_367' title='bbox 1264 3974 1322 4041; x_wconf 81' lang='lat' dir='ltr'>est,</span> 
     </span>
    </p>
   </div>
   <div class='ocr_carea' id='block_1_3' title="bbox 107 4062 696 4127">
    <p class='ocr_par' dir='ltr' id='par_1_3' title="bbox 107 4062 696 4127">
     <span class='ocr_line' id='line_1_41' title="bbox 107 4062 696 4127; baseline -0.008 1"><span class='ocrx_word' id='word_1_368' title='bbox 107 4098 120 4113; x_wconf 70' lang='lat'>=</span> <span class='ocrx_word' id='word_1_369' title='bbox 223 4076 257 4127; x_wconf 87' lang='lat' dir='ltr'>ut</span> <span class='ocrx_word' id='word_1_370' title='bbox 270 4084 338 4127; x_wconf 88' lang='lat' dir='ltr'>eum</span> <span class='ocrx_word' id='word_1_371' title='bbox 351 4064 458 4125; x_wconf 75' lang='lat' dir='ltr'>Ouidio</span> <span class='ocrx_word' id='word_1_372' title='bbox 472 4062 631 4125; x_wconf 85' lang='lat' dir='ltr'>dicendum</span> <span class='ocrx_word' id='word_1_373' title='bbox 644 4062 696 4125; x_wconf 84' lang='lat' dir='ltr'>ait:</span> 
     </span>
    </p>
   </div>
   <div class='ocr_carea' id='block_1_4' title="bbox 447 4166 1040 4295">
    <p class='ocr_par' dir='ltr' id='par_1_4' title="bbox 447 4166 1040 4295">
     <span class='ocr_line' id='line_1_42' title="bbox 447 4166 1040 4230; baseline 0.007 -11"><span class='ocrx_word' id='word_1_374' title='bbox 447 4168 800 4230; x_wconf 69' lang='lat' dir='ltr'>Hurmismprolanrlapetsr</span> <span class='ocrx_word' id='word_1_375' title='bbox 819 4166 1040 4223; x_wconf 63' lang='lat' dir='ltr'>haiaustltdfls</span> 
     </span>
     <span class='ocr_line' id='line_1_43' title="bbox 482 4244 895 4295; baseline 0 0"><span class='ocrx_word' id='word_1_376' title='bbox 482 4246 536 4295; x_wconf 83' lang='lat' dir='ltr'>Non</span> <span class='ocrx_word' id='word_1_377' title='bbox 547 4244 666 4295; x_wconf 75' lang='lat' dir='ltr'>issu&#39;ditss</span> <span class='ocrx_word' id='word_1_378' title='bbox 678 4244 698 4293; x_wconf 87' lang='lat' dir='ltr'>si</span> <span class='ocrx_word' id='word_1_379' title='bbox 708 4244 753 4291; x_wconf 81' lang='lat' dir='ltr'>tibi</span> <span class='ocrx_word' id='word_1_380' title='bbox 760 4244 837 4295; x_wconf 82' lang='lat' dir='ltr'>lentos</span> <span class='ocrx_word' id='word_1_381' title='bbox 846 4260 895 4295; x_wconf 83' lang='lat' dir='ltr'>stc.</span> 
     </span>
    </p>
   </div>
   <div class='ocr_carea' id='block_1_5' title="bbox 584 4332 1332 4399">
    <p class='ocr_par' dir='ltr' id='par_1_5' title="bbox 584 4332 1332 4399">
     <span class='ocr_line' id='line_1_44' title="bbox 584 4332 1332 4399; baseline 0.003 -6"><span class='ocrx_word' id='word_1_382' title='bbox 584 4334 670 4399; x_wconf 79' lang='lat' dir='ltr'>vele.</span> <span class='ocrx_word' id='word_1_383' title='bbox 711 4334 844 4397; x_wconf 73' lang='lat' dir='ltr'>Basileus.</span> <span class='ocrx_word' id='word_1_384' title='bbox 858 4334 925 4399; x_wconf 74' lang='lat' dir='ltr'>cst</span> <span class='ocrx_word' id='word_1_385' title='bbox 938 4332 1282 4397; x_wconf 55' lang='lat' dir='ltr'>Memnocones.</span> <span class='ocrx_word' id='word_1_386' title='bbox 1326 4373 1332 4383; x_wconf 88' lang='lat'><strong>·</strong></span> 
     </span>
    </p>
   </div>
   <div class='ocr_carea' id='block_1_6' title="bbox 0 0 1496 4917">
    <p class='ocr_par' dir='ltr' id='par_1_6' title="bbox 0 0 1496 4917">
     <span class='ocr_line' id='line_1_45' title="bbox 0 0 1496 4917; baseline 0 1"><span class='ocrx_word' id='word_1_387' title='bbox 0 0 1496 4917; x_wconf 95' lang='lat' dir='ltr'> </span> 
     </span>
    </p>
   </div>
  </div>
 </body>
</html>
