2984 4917
222 236 320 316 ‘mx
604 211 623 289 '·
685 252 711 317 r.
733 251 927 319 rursum

242 404 290 485 git
312 402 413 467 salutis
433 398 528 484 ratio:
549 422 649 471 serum
669 409 720 488 qui
739 409 844 472 otioet
858 405 1149 491 disournitatepscis
1168 405 1291 479 choium
1309 426 1346 481 n

243 498 322 579 passi
339 508 407 559 suut
428 518 621 562 marcescere.
663 502 707 562 Hi
724 503 814 582 igitur
825 502 976 563 Orationis
989 502 1072 583 quasi
1092 503 1216 565 admotis
1227 504 1346 569 facibus

243 604 328 663 erant
343 592 551 657 inflammandi.
591 596 677 658 Alios
698 617 809 670 rursus,
830 598 880 677 qui
902 597 973 657 licet
994 597 1214 661 Macanortrm
1235 597 1345 661 linibus

240 686 379 767 proximi,
388 686 555 749 incendium
564 699 662 751 umen
674 692 754 753 istud
764 692 894 754 omnium
904 691 1085 753 fortunarum
1098 704 1150 753 aut
1162 712 1223 755 non
1233 694 1345 769 sidere,
1445 740 1456 757 s

242 790 294 841 aut
318 800 376 841 non
399 780 469 842 satis
492 801 546 861 pro
569 785 772 863 magnitudine
795 784 917 865 periculi
944 784 1047 845 timere
1065 778 1256 848 uidebantur.
1298 786 1344 847 Hi

241 872 396 956 prudentis
406 887 437 936 et
449 876 527 936 omni
540 876 725 939 consiliorum
739 879 909 939 salubritate
923 887 1008 939 eram
1020 878 1236 939 commonendi.
1276 878 1343 939 Do·

242 968 283 1027 mi
304 968 392 1029 Cives
413 988 485 1034 sitos
508 970 637 1044 edocuit,
658 991 804 1033 summum
824 971 897 1051 reip.
910 990 976 1032 esse
989 970 1163 1050 presidium,
1183 971 1342 1051 siquando

241 1079 345 1123 eorum
362 1062 475 1123 animoa
492 1062 688 1125 aPrsrtrrro
707 1063 866 1148 abalienari
886 1062 1038 1134 sentirent,
1052 1084 1174 1143 quorum
1194 1064 1298 1145 opibus
1311 1075 1344 1127 et

241 1154 369 1215 amicitia
381 1155 462 1217 istius
475 1155 544 1215 olim
565 1156 657 1217 crevit
669 1155 848 1218 dominatio:
867 1155 1097 1216 subveniendum
1113 1176 1179 1217 esse
1192 1156 1220 1217 ei
1234 1176 1343 1237 oppor-

240 1248 363 1309 tunitate
376 1267 442 1307 curn
457 1248 643 1310 consiliorum
662 1248 836 1321 constantia,
850 1258 913 1307 tum
934 1247 1023 1308 etiam
1036 1248 1204 1309 maturitate
1225 1249 1342 1311 anxilii:

240 1359 339 1419 nsque
353 1352 416 1401 tum
433 1339 528 1399 solum
543 1340 704 1403 timendum
717 1360 784 1403 esse
798 1342 1004 1413 Parnrrrurs,
1018 1340 1069 1401 ubi
1083 1342 1247 1403 Armosss
1259 1342 1342 1404 inss-
1388 1394 1395 1404 .

242 1434 322 1506 serit,
333 1452 434 1493 venum
448 1433 496 1493 ubi
508 1445 559 1493 aut
569 1434 712 1514 oppressis
728 1434 821 1495 Sociis
834 1434 870 1493 P.
878 1434 927 1506 A,
937 1446 988 1496 aut
1002 1433 1145 1513 deceptis,
1155 1445 1212 1495 aut
1220 1452 1342 1516 quoque

241 1526 332 1587 modo
347 1526 484 1603 disjectis,
498 1526 601 1587 liceret
609 1527 643 1587 id
651 1528 679 1588 ei
689 1527 799 1600 facere,
809 1528 1045 1607 quandocunque
1057 1526 1185 1589 libuerit.
1224 1528 1340 1589 Rursus

242 1639 309 1679 cum
325 1638 506 1683 communem
520 1621 732 1700 rempublicam
744 1619 950 1681 foderaturam
961 1620 1120 1681 civitatum
1130 1619 1266 1699 Legatos
1278 1620 1341 1681 obi·

238 1722 295 1782 ret,
310 1711 393 1792 (quid
413 1712 490 1773 enim
511 1713 590 1773 aliud
604 1714 772 1790 judicemus
792 1713 917 1784 Gentes,
938 1712 1004 1771 loco
1017 1712 1147 1791 quidem,
1160 1713 1288 1775 moribus
1307 1724 1341 1775 et

239 1803 351 1884 imperii
372 1824 483 1884 genere
504 1805 630 1881 dissitas,
643 1806 714 1866 belli
734 1816 833 1865 tamen
851 1805 976 1875 fortuna,
997 1816 1029 1864 et
1051 1804 1196 1865 libertatis
1218 1804 1338 1867 vincirio

240 1900 499 1977 conjunctissimas,
513 1918 601 1978 quam
614 1898 722 1959 faciem
736 1897 880 1979 quandam
900 1908 932 1958 et
951 1898 1075 1976 liguram
1094 1898 1167 1977 reip.
1175 1898 1204 1973 i)
1221 1898 1338 1959 univer·

239 2010 287 2053 sos
297 2011 382 2072 pares
397 2010 461 2053 esse
475 2010 561 2070 posse
575 1992 717 2063 docebat,
730 1991 878 2071 dispersos
890 1989 999 2062 militia,
1012 1999 1064 2050 aut
1076 1988 1228 2051 discordes
1240 1988 1338 2051 consi·

237 2086 293 2158 liis,
308 2096 360 2147 aut
373 2086 469 2147 auimo
481 2086 591 2145 fractos
603 2086 768 2146 testabatur
779 2085 933 2164 perimros.
974 2083 1118 2143 Omnibus
1131 2094 1227 2145 autem
1238 2083 1337 2164 pdam

238 2179 387 2251 edicebat,
399 2198 488 2239 mam
502 2197 567 2239 esse
581 2197 648 2239 cum
659 2178 824 2239 Prsrarrro
834 2178 916 2257 pacis
928 2176 1080 2247 rationem,
1095 2196 1161 2239 eam
1172 2196 1290 2257 nempe,
1304 2177 1337 2240 ia

238 2290 299 2353 qua
310 2272 360 2332 ille
373 2291 434 2333 non
449 2270 584 2333 hostilem
605 2272 732 2333 animum
745 2271 917 2352 deponeret,
938 2269 1176 2349 voluntatemque
1196 2269 1337 2343 nocendi,

237 2365 441 2425 verumetiam
456 2364 634 2425 facultatem.
675 2364 781 2431 Quid?
812 2362 886 2435 Nos,
911 2383 994 2441 quos·
1011 2362 1141 2424 conditio
1167 2372 1335 2441 temporum

236 2457 363 2535 fortunae
379 2458 506 2537 quadam
524 2456 706 2519 similitudine
720 2476 798 2537 pene
817 2456 972 2528 conclusit,
984 2474 1062 2517 anne
1075 2474 1185 2515 morum
1199 2454 1337 2518 consilio·

237 2570 338 2611 rumve
359 2551 507 2629 ffisjuuget
530 2550 750 2611 inconstantia?
790 2550 880 2610 Anus
903 2548 1016 2609 minora
1035 2566 1074 2609 ea
1095 2548 1335 2622 asbtimabimus,

236 2650 418 2721 majestatem
438 2642 616 2723 reipublice,
638 2644 762 2705 salutem
776 2642 901 2713 Civium,
914 2640 1081 2721 presidium
1097 2640 1260 2713 Sociorum,
1270 2640 1336 2701 vin·

237 2738 328 2799 dicias
343 2736 512 2808 Libertatis,
527 2755 615 2815 quam
634 2728 744 2796 ii'olim
765 2733 977 2806 exacuerunt,
990 2734 1094 2813 quibus
1113 2732 1207 2812 gloria
1226 2744 1259 2793 et
1278 2752 1334 2794 aar·

151 2842 156 2849 ’
237 2829 374 2891 ctoritate
393 2828 504 2909 imperii
526 2828 743 2899 concedimus,
767 2826 910 2888 felicitate
937 2838 969 2887 et
993 2825 1111 2885 fumans
1136 2826 1334 2905 superamus?

235 2924 307 2987 Non
330 2944 384 3006 per
401 2924 475 2995 illos,
490 2924 540 3004 qui
559 2924 591 2984 in
611 2922 676 2985 acie
692 2924 932 2993 essenorum,
946 2918 1133 2979 multitudine
1146 2918 1264 2998 quidem
1278 2937 1335 2997 op.

234 3019 339 3099 pressi,
353 3017 454 3078 animis
467 3016 577 3088 invicti,
594 3035 650 3095 pro
671 3015 820 3075 communi
839 3014 975 3075 libertate
997 3010 1122 3073 Gracia
1143 3010 1333 3073 ceciderunt!

234 3110 306 3171 Nou
319 3128 373 3189 per
386 3108 461 3181 illos,
478 3108 569 3188 quiin
585 3110 830 3178 Dsrrntomrsr,
841 3105 1008 3165 melioribus
1029 3104 1174 3183 auspiciis,
1189 3102 1332 3185 regioque

235 3204 337 3275 ductu,
356 3221 540 3263 communem
554 3201 701 3263 Eunones
713 3200 829 3261 hostem
840 3195 996 3257 fortissime
1010 3196 1195 3275 repulerunt!

274 3295 381 3355 Taedet
395 3294 441 3354 Te
458 3293 579 3353 forsitan
599 3291 762 3373 prolixioris
786 3288 934 3351 Orationis
956 3298 1082 3347 nmtras:
1116 3289 1209 3351 taedet
1228 3290 1330 3364 etiam,

231 3400 315 3471 putu,
330 3388 466 3469 qnoniam
480 3398 624 3467 occupata
636 3396 682 3447 est
696 3385 727 3445 in
739 3381 926 3445 recensendis
939 3380 1011 3442 Tuis
1022 3380 1182 3443 virtutibus.
1222 3383 1331 3445 Paucis

232 3494 334 3544 nmen
351 3480 553 3561 repetendum,
563 3466 702 3561 quanium
716 3477 763 3539 vel
776 3497 815 3539 ex
828 3474 947 3536 summis
958 3474 1092 3537 laudibus
1104 3474 1159 3537 sibi
1168 3480 1235 3552 jure
1247 3494 1331 3537 arro-

129 3600 136 3611 ·
232 3588 285 3656 get
296 3586 460 3637 tenerorum
473 3574 654 3652 ingeniorum
673 3567 878 3640 conformatio,
890 3579 979 3647 atque
992 3587 1029 3628 ea
1038 3568 1164 3641 cultura,
1178 3587 1236 3647 qua
1245 3570 1331 3647 juse-

231 3688 302 3729 num
324 3667 411 3728 animi
424 3665 574 3746 linguntur
587 3665 626 3726 ad
649 3682 766 3725 omnem
787 3661 916 3743 speciem
935 3672 1024 3741 atquc
1046 3662 1254 3723 excellentiam
1270 3662 1329 3723 vir.

230 3761 313 3824 tutis.
354 3762 459 3840 Neque
472 3759 550 3821 euim
563 3760 619 3820 ista
632 3755 838 3825 commentatio
850 3756 888 3815 ab
908 3773 947 3815 ea
959 3754 1046 3826 sama,
1061 3774 1148 3833 quam
1161 3755 1200 3815 de
1214 3755 1331 3819 Drsso-

232 3872 363 3915 nasus
377 3852 555 3934 accepimus,
567 3870 692 3932 nequeo
706 3850 779 3911 Tuis
791 3849 921 3909 moribus
941 3846 1117 3918 abhorrebit,
1133 3867 1229 3927 nequa
1243 3848 1328 3909 deni·

229 3966 287 4027 que
298 3948 335 4007 ab
350 3945 446 4005 indole
456 3944 538 4005 istius
548 3944 614 4017 loci,
628 3943 708 4003 unde
720 3942 774 4003 bss
783 3942 883 4003 literas
896 3942 936 4003 ad
947 3942 992 4001 Te
1003 3940 1093 4011 dedir
1109 3941 1160 4004 ubi
1173 3961 1241 4001 usus
1253 3961 1328 4003 sane

230 4051 331 4101 noster
345 4050 376 4099 et
396 4037 585 4099 commoratio
598 4041 681 4099 utam
699 4036 804 4097 saltem
817 4035 921 4095 adtulit
931 4034 1147 4114 jucunditatem
1165 4034 1326 4108 memorias,

230 4132 414 4213 utplurimos
426 4131 727 4211 prestantissimomm
745 4127 929 4207 ingeniorum
949 4127 1063 4189 fructus
1075 4128 1181 4209 partim
1202 4128 1234 4187 in
1252 4128 1327 4207 opti·

229 4244 307 4287 maru
321 4242 400 4303 spen
415 4236 621 4295 maturescere,
633 4222 737 4304 partim
755 4224 818 4300 jam
834 4240 854 4281 a
873 4240 936 4301 sep.
950 4219 1071 4299 decerpi
1088 4220 1237 4293 sentirem,
1250 4240 1328 4302 qnos

229 4320 293 4401 ipse
307 4328 466 4377 amborum
482 4316 632 4379 hominum
653 4334 724 4380 eura
743 4327 776 4377 et
795 4314 951 4398 praeceptis
972 4323 1123 4377 masenot
1142 4326 1174 4377 et
1193 4314 1327 4406 casallos

227 4428 292 4471 essa
311 4410 494 4474 recordabar.
