2984 4917
226 324 278 386 eu
412 278 418 289 ’
582 320 990 387 nursxurnmfflo

264 480 381 541 Desunt
399 476 527 553 Aldinae,
547 492 579 542 et
600 482 723 563 preinde
741 500 858 563 quoquo
877 478 1097 560 Hemgiane,
1119 480 1332 547 Demosthenis

223 574 367 656 epistole,
381 596 455 655 quas
468 576 575 656 primus
589 577 714 639 Wolfius
728 575 930 656 adjungendas
943 575 1057 656 reliquo
1075 579 1192 658 corpori
1211 580 1329 657 tuoe·-

223 670 276 727 rit.
303 667 399 729 Aldus
412 680 511 729 autem
521 668 612 729 satim
620 670 773 747 judicabat
786 690 837 729 eas
849 670 973 741 secerni,
982 668 1033 749 qui
1045 665 1146 749 paucis
1159 681 1230 731 ante
1242 671 1328 731 annis

224 760 344 821 easdem
359 761 497 841 epistolas
511 761 541 819 in
556 772 738 842 syntagmate
756 781 811 821 suo
830 780 992 841 grecorum
1016 761 1204 841 epistolarum
1221 758 1328 824 edidis·

224 864 271 912 set
280 878 290 923 t
310 858 392 928 cujus
405 854 598 935 syntagmatis
612 854 794 935 exemplaria
805 867 868 916 tum
881 855 1023 935 temporis
1036 855 1136 917 adbuc
1149 868 1196 916 sat
1208 850 1336 938 copiosa

162 1024 168 1035 .
224 946 432 1027 suppetebant.
459 946 604 1009 .Hoecde
618 947 736 1007 Aldina.
868 970 873 982 ·

666 1200 794 1269 SECT.
816 1200 887 1269 111.

521 1360 568 1418 ne
588 1332 705 1421 eurtum
718 1361 907 1442 Remigium
918 1361 1021 1440 prima

264 1510 412 1571 Excnrrr
433 1532 498 1573 earn
513 1512 720 1594 Herwagiana,
735 1514 829 1596 prima
841 1535 859 1574 a
873 1534 921 1575 me
935 1514 1072 1576 dicenda.
1112 1516 1248 1582 Quatuor
1261 1536 1324 1576 orn·

222 1603 293 1664 nino
308 1596 505 1685 Herwngiana
525 1606 648 1679 officina,
663 1628 730 1687 quoe
753 1606 876 1667 Basileoe
892 1606 960 1679 fuit,
982 1606 1083 1678 edidit,
1104 1607 1177 1666 duas
1200 1624 1323 1687 grecas,

224 1697 297 1757 duas
317 1698 529 1776 graecolatinos.
570 1698 669 1760 Prima
687 1700 787 1780 itaque
808 1718 906 1759 earum
928 1700 1035 1778 prodiit
1056 1700 1182 1759 Basileae
1201 1720 1255 1780 per
1275 1702 1324 1759 Io·

219 1790 350 1854 'hannem
365 1790 548 1871 Hervagium
561 1812 661 1853 mense
678 1793 842 1873 Septembri
856 1792 1056 1851 Muxxxn.
1076 1792 1135 1853 hoc
1148 1792 1254 1852 titulos
1267 1794 1324 1865 Δη-

196 1874 198 1883 *
222 1883 381 1963 pooddvovc
395 1888 479 1961 λόγοι
497 1886 545 1945 δύο
559 1888 604 1944 rol
617 1886 756 1959 ἓξὴκοντά.
786 1886 890 1945 Habes
903 1885 1014 1945 Lector
1025 1885 1234 1945 Demosthenis
1247 1904 1323 1965 grm-

222 1996 324 2036 corum
345 1988 491 2037 oratorum
512 1977 638 2037 omnium
659 1976 746 2039 facile
768 1976 907 2058 principis
925 1977 1070 2039 orationes
1090 1978 1162 2037 duas
1184 1988 1214 2037 et
1235 1996 1323 2037 sexa·

220 2068 311 2148 ginta,
326 2080 357 2128 et
372 2070 401 2127 in
414 2070 533 2129 easdem
543 2070 666 2150 'Ulpiani
681 2070 904 2131 commentarios
915 2080 1056 2151 quantum
1070 2081 1171 2135 extatt
1205 2069 1322 2131 Libanii

219 2173 409 2240 argumenta:
434 2162 511 2221 Tum
524 2164 664 2225 collectas
675 2183 694 2224 a
704 2164 836 2225 studioso
844 2164 971 2243 quodam
979 2182 1018 2223 er
1032 2164 1104 2223 Des.
1119 2160 1233 2223 Erasmi
1248 2162 1322 2224 Rot.

221 2254 380 2315 Guilhelmi
395 2254 498 2315 Budoei
511 2266 597 2335 atque
618 2254 740 2316 aliorum
760 2253 1012 2318 lucubrationibus
1031 2254 1251 2315 annotationes:
1272 2254 1321 2315 Ad

218 2346 286 2409 haec
306 2347 406 2427 ipsius,
430 2347 589 2409 Plutarcho
609 2346 793 2427 Libanioque
812 2347 991 2418 auctoribus,
1004 2347 1104 2417 vitam,
1119 2358 1151 2406 et
1164 2345 1321 2407 lectionem

220 2440 347 2519 denique
360 2439 470 2500 variam
490 2439 806 2519 adjectam—Excipit
826 2440 905 2500 hunc
925 2438 1041 2498 titulum
1063 2438 1178 2498 Erasmi
1194 2438 1322 2498 Rotoro-

218 2530 295 2591 dami
310 2532 349 2592 ad
371 2532 414 2591 Io.
429 2532 591 2610 Georgium
615 2532 888 2611 Paumgartnerum,
908 2530 1042 2611 epistola,
1063 2551 1122 2611 qua
1142 2531 1321 2591 Demoeffie·

218 2642 286 2684 nem
299 2642 366 2684 cum
381 2624 633 2685 commendatione
646 2640 700 2685 sua
712 2624 752 2685 ad
764 2624 846 2683 illum
866 2634 929 2683 tum
948 2622 1044 2684 adhuc
1060 2628 1200 2699 juvenem
1220 2624 1321 2685 mittit.

214 2716 269 2777 Nil
280 2728 378 2777 tamen
392 2716 461 2777 ideo
473 2736 601 2790 moveor,
615 2727 649 2777 ut
662 2716 780 2777 credam
793 2717 831 2776 ab
843 2715 966 2777 Erasmo
980 2728 1115 2776 navatam
1128 2734 1194 2776 esse
1208 2716 1320 2776 Damo-

215 2809 311 2871 stheui
325 2810 509 2883 emendando
523 2828 651 2891 operam.
693 2808 848 2889 Leguntur
858 2808 977 2890 quidem
986 2808 1017 2867 in
1028 2808 1086 2868 bac
1100 2807 1239 2880 editione,
1250 2828 1319 2888 quse

216 2902 254 2964 ad
266 2902 403 2963 Aldinam
420 2922 557 2983 expressa
571 2914 627 2977 est,
647 2922 707 2963 noo
719 2904 802 2962 nulla
814 2902 928 2973 melius,
940 2920 1029 2981 quam
1050 2900 1080 2959 in
1095 2901 1215 2961 Aldina
1257 2902 1320 2962 Sed

213 3008 337 3077 possunt
350 2995 400 3055 illa
413 3012 432 3055 a
443 2996 514 3057 Sim.
527 2994 734 3075 Grynaeo,.aut
745 2993 769 3053 si
784 3014 842 3074 quo
853 2993 912 3054 alio
922 2992 1099 3074 Herwagius
1113 3003 1176 3053 tum
1188 3002 1320 3053 uteretur

215 3089 387 3149 mendarum
403 3088 678 3167 typographicamm
699 3098 876 3165 correctore,
899 3086 1035 3167 profecta
1054 3104 1130 3147 esse.
1172 3086 1223 3145 Ab
1244 3085 1319 3144 Era·

214 3202 278 3241 sino
292 3180 494 3241 tantummodo
508 3178 641 3260 proefatio
658 3178 870 3259 postulabatur,
887 3178 1147 3238 commendationis
1160 3196 1242 3257 ergo,
1256 3197 1318 3257 quo

213 3276 288 3335 iiber
302 3282 380 3334 esset
394 3272 575 3341 vendibilior.
617 3272 743 3331 Praestat
762 3271 829 3330 hoec
851 3268 941 3330 editio
960 3269 1059 3331 multis
1079 3270 1166 3329 rebus
1181 3268 1318 3340 Aldinoe3

216 3368 382 3428 chartarum
402 3366 613 3445 magnitudine,
633 3375 848 3444 typorumque;
868 3373 930 3423 tum
949 3363 1028 3442 quod
1048 3363 1195 3443 appositos
1217 3360 1318 3421 statim

216 3460 255 3519 ad
273 3460 349 3521 texti
371 3478 451 3519 oram
466 3458 585 3539 Ulpiani
609 3456 835 3518 commentarios
857 3454 958 3529 habet,
974 3456 1023 3536 qui
1044 3456 1082 3517 ab
1097 3456 1174 3516 Aldo
1194 3454 1317 3515 seorsim

215 3554 287 3613 editi
305 3554 439 3624 fuerant,
461 3550 583 3612 occessit
607 3550 733 3630 denique
753 3549 823 3610 huic
844 3548 965 3609 editioni
987 3548 1089 3629 primae
1110 3546 1318 3626 Hersagianaa

136 3682 140 3687 -
212 3646 336 3727 primum
356 3644 440 3725 quasi
461 3646 682 3705 fundamentum
702 3641 977 3703 commentariorum
996 3641 1027 3701 iu
1048 3641 1279 3702 Demosthenem
1297 3658 1317 3700 e

213 3738 329 3817 scriptis
344 3736 458 3797 Erasmi
482 3748 514 3797 et
536 3736 640 3797 Budaei
664 3736 848 3817 aliorumque
868 3752 886 3795 a
909 3735 1022 3795 lacobo
1045 3734 1168 3795 Rubero
1191 3733 1318 3793 collecta

212 3832 340 3910 farrago,
354 3830 541 3893 inWolfiana
554 3850 670 3911 quoque
684 3830 815 3891 editione
828 3840 954 3890 serrata
996 3826 1057 3889 Sed
1070 3828 1186 3907 singula
1198 3828 1263 3886 hac
1275 3826 1318 3885 di·

211 3923 350 4003 ligentius
371 3922 530 3984 rideamus.
571 3924 709 3983 Erasmus
727 3922 758 3983 in
776 3923 828 3983 illa
847 3921 974 4000 epistola
986 3920 1057 3979 nihil
1069 3938 1090 3980 a
1102 3940 1135 3981 se
1148 3920 1188 3981 ad
1208 3938 1316 3980 ornan·

213 4018 284 4077 dum
306 4016 538 4076 Demosthenem
559 4016 700 4077 collatum
725 4024 944 4075 commemorat.
985 4014 1086 4074 Verba
1097 4017 1161 4089 ejus
1174 4012 1234 4073 hue
1247 4031 1316 4093 per·

212 4110 335 4170 tinentia
349 4128 366 4168 e
380 4107 566 4189 longiuscula
577 4109 696 4188 quidem
717 4108 850 4189 epistola,
864 4124 883 4167 a
896 4124 956 4186 qua
968 4105 1057 4165 homo
1077 4104 1195 4166 criticus
1215 4115 1316 4164 tamen

211 4222 314 4284 parum
328 4203 416 4262 abeat
430 4201 554 4273 doctior,
569 4202 634 4277 (sed
654 4214 717 4263 tum
732 4200 869 4280 temporis
882 4198 951 4260 loco
963 4198 1169 4279 prefationem
1183 4196 1318 4257 homilias

211 4292 425 4375 scriptitabant)
448 4294 515 4353 haec
539 4304 625 4354 sunt:
661 4292 777 4371 Accipe
798 4291 888 4370 igitur
907 4290 1141 4355 Demosthenem
1161 4290 1212 4369 qui
1234 4308 1316 4349 nunc

210 4390 318 4468 prodit,
334 4406 390 4447 ceu
404 4387 507 4467 positis
520 4405 612 4447 nomia
633 4385 742 4447 exuviis
763 4382 931 4462 nitidusque
939 4388 1061 4459 juventa
1071 4414 1111 4431 «-
1124 4382 1248 4441 multum
1261 4382 1316 4441 de·

209 4484 315 4543 bemus
331 4480 420 4555 Aldo,
435 4481 484 4561 qui
497 4480 581 4543 nobis
595 4480 704 4561 primus
719 4488 865 4539 oratorum
878 4476 1040 4558 principem
1054 4474 1155 4547 dedit3
1177 4474 1246 4555 plus
1261 4473 1315 4535 de·
