2984 4917
389 338 451 401 sn
474 338 597 404 suunt
616 339 844 406 nauosms.
865 340 1013 407 nsum.
1155 345 1250 409 ιωιι
1352 332 1360 345 ’

145 493 195 557 rel
212 490 274 556 ullo
288 489 329 553 sd
341 489 421 555 banc
438 510 502 557 rem
519 504 574 556 eut
592 513 647 557 usn
665 504 718 557 aut
730 493 854 557 consilio
872 460 962 576 paulo
976 496 1154 574 instructior,
1166 502 1249 577 cujus

145 586 300 653 Totidem
319 603 380 647 non
398 584 570 665 implorasti.
612 586 767 651 Postremo
785 588 817 650 in
829 590 956 668 quodam
977 590 1133 671 colloquio,
1151 598 1250 671 cujus·

143 678 224 745 modi
241 676 459 744 consuetudine
479 698 528 741 me
546 680 690 741 honorare
711 677 800 754 sol'es,
821 701 891 745 cum
909 683 947 743 de
960 684 1119 745 MStorum
1138 704 1195 745 usu
1215 694 1250 746 et

11 772 14 777 ’
142 769 314 852 praestantia
327 788 425 831 sermo
438 770 516 832 inter
530 792 584 833 nos
597 773 766 847 haberetur,
778 784 873 854 atque
885 774 915 833 in
936 776 1116 837 mentionem
1136 776 1249 838 incide·

144 882 245 935 remus
259 873 443 923 vetustorum
463 865 684 946 exemplarium,
698 886 765 946 quse
781 866 813 927 in
828 866 1049 930 instructissima
1066 869 1252 931 Bibliotheca
1383 919 1386 922 -

145 958 289 1019 Vsrurnt
304 959 514 1021 Ausrsrscm
532 960 735 1032 adservantur,
751 958 856 1040 (idque
868 961 988 1023 memini
1006 981 1054 1022 me
1069 962 1177 1023 secisse
1197 963 1252 1023 do·

145 1049 220 1114 lenti
231 1050 327 1130 potius
341 1049 476 1124 similem,
490 1050 569 1132 quod
587 1064 706 1133 propter
720 1052 768 1114 uel
787 1052 898 1115 itineris
911 1054 1133 1134 longitudinem,
1146 1058 1195 1117 uel
1207 1056 1253 1117 rei

146 1143 237 1225 ipsius
262 1142 474 1218 difficultatem,
496 1156 662 1206 nostrorum
683 1145 834 1211 hominum
853 1146 1035 1226 paucissimis
1058 1166 1160 1209 eorum
1180 1168 1251 1209 usus

147 1236 252 1315 aliquis
266 1233 463 1314 contingeret,
482 1254 571 1315 quam
592 1238 714 1317 optanti,
728 1256 828 1317 neque
840 1240 1033 1319 exspectanti,
1047 1240 1121 1312 iore,
1135 1250 1170 1299 ut
1181 1239 1253 1303 mibi

146 1327 305 1408 aliquando
326 1327 523 1407 contingeret)
542 1329 590 1390 Tu
602 1329 734 1411 protinus
751 1349 798 1404 ea,
813 1350 874 1409 qua
894 1331 998 1393 merito
1011 1352 1076 1393 eras
1094 1333 1176 1413 apud
1188 1351 1252 1393 au·

150 1438 386 1485 ouarrsarttssr
401 1438 665 1485 tuasaarnrcasr
681 1422 783 1503 gratia
797 1423 916 1495 curasti,
929 1434 964 1485 ut
981 1424 1051 1484 mibi
1064 1424 1252 1506 necopinanti

149 1515 374 1593 depromeretur
387 1515 539 1595 exemplar
552 1524 584 1577 et
602 1525 692 1577 etate
712 1524 744 1575 et
761 1516 928 1577 sinceritate
945 1518 1195 1597 spectatissimum,
1210 1528 1254 1579 at·
1365 1502 1369 1511 ’

149 1624 214 1688 que
226 1606 268 1665 ad
279 1605 403 1669 nitorem
417 1606 476 1667 Tui
492 1608 732 1669 Dssrosuusurs
746 1608 903 1669 accederet
915 1610 998 1689 quasi
1012 1611 1156 1685 cumulus,
1169 1611 1253 1673 istius

151 1700 334 1761 membranae
346 1698 481 1772 uarietas,
503 1718 625 1772 summa,
646 1718 732 1779 quam
748 1699 819 1774 vidi,
833 1710 866 1761 et
884 1720 1000 1763 morosa
1016 1703 1169 1783 diligentia
1182 1722 1252 1766 era·

150 1791 283 1855 edssine
294 1791 448 1873 descripta.
489 1793 539 1855 Ita
551 1813 598 1855 res
613 1793 754 1855 maximas
763 1793 888 1875 imperii,
903 1804 935 1855 et
947 1795 1131 1875 grauissimas
1143 1810 1253 1859 nostrie

149 1884 223 1966 reip.
238 1903 325 1949 curas
337 1905 406 1945 cum
416 1886 565 1947 literarum
575 1886 700 1963 fortums
709 1886 897 1969 temperasti,
915 1899 1005 1969 atque
1018 1908 1055 1949 ea
1067 1890 1172 1962 studia,
1185 1910 1253 1969 qum

149 1997 204 2060 per
213 1978 307 2039 home
320 1978 431 2059 aliquot
444 1998 537 2040 annos
548 1998 663 2041 summa
676 2000 744 2042 cum
755 1971 943 2044 inclementia
954 1982 1088 2043 nonnulli
1100 2002 1139 2043 ne
1148 1982 1180 2042 in
1191 1981 1253 2043 oti'o

150 2070 271 2151 quidem
283 2070 430 2152 patienter
441 2072 596 2153 adspicere
605 2073 756 2147 solebant,
771 2074 820 2135 Tu
831 2073 945 2137 buterea
955 2076 986 2135 in
999 2074 1134 2136 maximis
1146 2073 1254 2137 muniis

150 2162 424 2242 eremitatissimns,
434 2184 495 2226 non
507 2166 601 2229 solum
611 2166 769 2246 diligenter
780 2168 929 2242 excolere,
938 2167 1138 2229 verumetiam
1147 2168 1255 2229 nolim

150 2277 317 2340 propagare
329 2260 460 2339 potuisti.

194 2352 318 2413 Scilicet
335 2371 354 2413 a
368 2353 415 2414 Te
429 2364 564 2433 ereptum
583 2352 618 2415 iri
635 2352 710 2416 illud
729 2353 858 2427 noluisti,
871 2354 953 2435 quod
966 2366 1012 2417 est
1023 2354 1057 2417 in
1066 2356 1124 2415 isto
1135 2354 1254 2436 fastigio

152 2442 304 2524 dignitatis
322 2463 400 2524 pene
421 2445 679 2527 exoptatissimum.
720 2446 850 2508 Noluisti
869 2457 984 2507 tantum
1002 2448 1082 2528 apud
1094 2448 1141 2509 Te
1156 2449 1255 2509 ualere

150 2538 360 2612 euctodntem
377 2536 514 2599 diuturno
534 2558 590 2599 usu
609 2540 822 2610 confirmatam,
846 2550 963 2599 utnon
984 2541 1017 2599 in
1038 2540 1256 2603 commovendis
1286 2602 1291 2609 ,

152 2632 350 2696 studiosorum
364 2632 499 2712 ingeniis,
515 2643 547 2693 et
556 2642 743 2713 posterorum
753 2630 840 2693 simul
851 2632 927 2704 usui,
940 2632 1073 2713 Tumque
1086 2634 1256 2695 consuleres

155 2723 377 2789 immortalitati.
418 2724 497 2785 Nam
511 2722 676 2784 utinullum
690 2734 737 2787 est
749 2743 859 2803 magno
871 2723 934 2784 viro
945 2724 1192 2805 impendiigenus
1210 2726 1256 2785 di·

153 2821 251 2903 gnim,
265 2820 379 2879 nullum
392 2817 644 2898 honorificentius,
657 2836 745 2897 quam
759 2817 840 2896 quod
852 2828 987 2896 erogatur
994 2818 1026 2876 in
1036 2827 1176 2896 posteros,
1191 2838 1256 2879 eas·

152 2932 212 2995 que
233 2913 354 2973 arbores
373 2928 538 2983 conserere,
559 2930 626 2991 ques
646 2918 678 2971 et
698 2909 784 2969 alteri
803 2908 885 2969 etati
906 2918 976 2969 sunt
997 2908 1175 2987 profuturas
1212 2910 1258 2971 ita

152 3005 238 3067 nulla
250 3017 297 3065 est
308 3004 447 3065 sincerior
465 3002 541 3064 rstio
558 3001 657 3063 laudis
674 3012 764 3080 atque
783 3000 958 3072 honestatis,
978 3019 1065 3080 quam
1086 2996 1257 3080 predicatio

155 3114 260 3160 eorum
272 3095 393 3171 uirtutis,
410 3096 461 3177 qui
475 3096 647 3157 cultissimus
660 3092 827 3175 disciplinas
847 3095 925 3174 apud
945 3102 1120 3154 reboaetam
1138 3102 1257 3153 atatem

153 3190 203 3253 sel
222 3188 428 3250 excitaverunt
439 3188 599 3259 moeliens,
612 3188 661 3248 vel
675 3186 814 3269 exemplo
824 3185 1040 3264 confirmarunt,
1052 3186 1099 3247 uel
1115 3205 1258 3267 propaga

152 3293 223 3345 runt
236 3282 366 3362 denique
387 3272 509 3343 consilio
529 3292 565 3342 et
580 3280 747 3360 prudentia.
788 3279 906 3341 Curasti
926 3280 1024 3359 igitur,
1037 3289 1071 3338 ut
1086 3277 1131 3339 Te
1148 3279 1190 3340 ita
1203 3298 1257 3359 po·

151 3376 270 3439 suerius
284 3376 416 3447 sentiret,
425 3372 469 3435 uti
482 3392 536 3435 nos
548 3374 637 3436 hodie
649 3392 708 3433 non
720 3373 777 3435 nisi
790 3374 829 3433 de
839 3373 955 3453 optimis
963 3373 1114 3433 sendmus.
1142 3372 1257 3450 Eadem

155 3470 205 3532 illa
219 3481 304 3541 sens,
318 3486 384 3547 quae
396 3479 520 3539 caeteras
534 3486 582 3527 res
596 3468 730 3529 deterere
743 3476 797 3527 aut
809 3467 936 3527 obruere
949 3467 1037 3544 solet,
1056 3465 1128 3524 Tuis
1141 3482 1257 3544 semper

154 3562 267 3643 aliquid
289 3560 424 3621 additura
447 3571 493 3621 est
515 3560 659 3635 laudibus,
681 3578 827 3640 suumque
847 3558 1015 3637 suffragium
1035 3558 1174 3637 adponet,
1196 3576 1257 3617 non

155 3656 226 3717 huic
239 3663 355 3715 mutum
369 3652 492 3714 orationi
505 3664 624 3725 nostres,
638 3670 738 3713 uerum
751 3652 788 3712 iis
799 3651 899 3723 etiam,
910 3670 988 3730 quae,
1000 3651 1100 3711 nescio
1112 3670 1150 3709 an
1163 3648 1257 3729 magis

155 3748 277 3833 pudoris
292 3746 350 3808 Tui
363 3746 544 3807 conscientia
556 3756 714 3827 permotus,
723 3764 762 3806 an
773 3744 922 3807 tenuitatis
931 3743 1042 3824 ingenii
1051 3743 1152 3814 nostri,
1160 3744 1256 3804 sentio

156 3855 283 3913 mutum,
297 3838 395 3919 eloqui
408 3858 468 3899 nou
478 3838 614 3900 audeam.

194 3934 306 4012 Neque
320 3931 358 3991 ab
377 3930 412 3991 ils
431 3948 513 4003 sane,
527 3930 576 4011 qui
595 3930 751 4012 negligunt
772 3930 888 3991 omnem
904 3929 981 3991 hanc
998 3930 1142 3991 rationem
1161 3928 1257 3991 ensdi·
1294 3950 1307 3965 ·

156 4026 244 4090 tionis
265 4035 355 4103 atque
374 4022 558 4103 ingeniorum
576 4024 826 4094 exercitationem,
840 4042 911 4084 vere
927 4024 1001 4084 illud
1018 4023 1134 4096 dicitur,
1152 4044 1258 4105 parurn

157 4120 198 4182 ad
208 4119 301 4179 vitam
314 4126 405 4196 atque
425 4116 464 4177 ad
485 4135 578 4198 remp.
592 4117 745 4199 proficere,
761 4116 931 4177 cultissimus
943 4116 1023 4189 lieet,
1036 4117 1213 4197 disciplinas,
1227 4117 1258 4175 in

158 4214 264 4295 quibus
278 4210 413 4272 omnibus
423 4210 554 4271 rembsio
568 4210 701 4291 quaedam
717 4210 879 4272 animorum
893 4220 925 4270 et
936 4210 1064 4271 liberalis
1073 4208 1257 4271 solummodo

158 4304 318 4369 oblectatio
331 4298 488 4382 quaeritur}
500 4322 596 4383 neque
610 4324 664 4385 par
678 4322 758 4376 esse,
772 4314 806 4365 ut
820 4322 858 4365 es
874 4302 978 4375 studia,
993 4324 1060 4383 qnoe
1077 4302 1259 4384 politioribus

158 4398 188 4459 in
205 4398 328 4471 artibus,
342 4406 434 4476 atque
447 4394 477 4456 in
495 4396 622 4478 quadam
634 4396 783 4477 elegantia
799 4396 949 4460 literarum
962 4405 1191 4466 versentanum
1205 4414 1259 4455 no·

159 4490 358 4565 strm'otitum
369 4490 401 4553 in
413 4490 449 4553 iis
462 4488 849 4575 cabulendis,aut·usrtrurn
860 4490 998 4553 -iavorem
1016 4489 1046 4549 in
1066 4487 1258 4574 prorogandis
