2984 4917
182 342 216 407 iv
477 343 721 411 ansrrlo
745 343 977 410 sonorus.
1026 327 1030 336 '

186 556 260 605 rem
279 533 395 630 gessi3
421 543 612 606 astantem
635 531 800 607 adhibita
818 534 856 606 in
877 559 921 607 ea
939 558 976 606 re
1002 533 1083 630 ipsa
1103 554 1282 605 summaa

185 680 242 729 me
261 656 480 745 moderatim
508 682 715 757 quanquam
738 657 923 731 fatendum
946 658 984 730 in
1004 655 1181 731 Suasoriis
1203 679 1281 729 esse

185 790 305 853 actum
319 780 427 877 paulo
443 779 600 855 liberius.
654 780 777 855 Unum
794 782 909 855 obiter
924 780 1134 869 notandum,
1151 800 1282 875 nempe
1313 769 1318 776 ’

185 902 330 1000 Taylori
347 905 547 979 socordiam
565 908 602 978 in
624 905 856 1005 expurgando
876 916 976 980 textu
993 903 1174 979 Wolfiano
1193 901 1281 975 Rei·

185 1024 313 1118 slrium,
331 1026 567 1127 Anglioorum
595 1030 798 1103 criticorum
823 1054 967 1129 prorsus
983 1030 1142 1103 omnium
1165 1050 1282 1101 acrem

187 1150 472 1250 vituperatorem,
500 1156 581 1252 jure
607 1155 848 1251 increpuisse3
884 1167 920 1227 et
946 1152 993 1226 de
1018 1152 1283 1237 subtilitatibus,

186 1287 363 1375 quotquot
387 1292 586 1368 occurrunt,
610 1277 851 1376 grammaticis
876 1302 1041 1374 novaque
1063 1302 1129 1350 sua
1154 1300 1282 1349 accen-

184 1399 423 1493 tiuncularum
440 1402 574 1473 ratione
592 1399 755 1473 mavelle
771 1398 906 1473 adeatis
924 1401 1041 1498 ipsum
1066 1398 1279 1472 Bekkerum.

140 1584 143 1593 .
183 1520 316 1597 Textui
343 1548 448 1621 porro
480 1524 616 1621 ubique
647 1525 814 1623 apposita
841 1536 895 1599 est
922 1522 1046 1598 Lectio
1075 1522 1281 1599 Reishiana.

185 1646 284 1747 Ergo
299 1644 367 1723 hoc
381 1650 547 1746 primum.
1106 1646 1112 1659 '

235 1772 406 1872 Sequitur
422 1773 524 1866 illud,
541 1784 582 1847 ut
605 1772 651 1845 de
666 1772 947 1845 Annotationum
963 1774 1054 1844 serie
1070 1796 1284 1845 commemo-

182 1923 270 1973 rem.
323 1898 483 1973 Primum
506 1899 626 1995 igitur,
645 1896 808 1970 omnibus
826 1899 970 1970 omnino
995 1897 1112 1989 Notis,
1133 1924 1223 1996 quas
1247 1900 1284 1972 in

183 2022 353 2099 Editionc
383 2049 448 2095 sua
474 2022 643 2095 Reiskius
669 2020 729 2096 hic
762 2021 836 2094 illic
871 2022 1030 2121 protulit,
1064 2050 1151 2098 usus
1180 2050 1281 2113 sum3

186 2146 329 2235 deinde,
374 2171 462 2244 quas
503 2146 743 2244 praestiterunt
783 2149 1006 2238 recentiores,
1046 2149 1282 2237 commiscui;

184 2281 363 2369 postremo
398 2270 564 2362 Petitum,
592 2268 801 2360 Heraldum,
828 2270 1054 2362 Salmasium,
1079 2272 1284 2371 philologos

186 2396 287 2487 alios,
327 2397 409 2471 ideo
447 2397 656 2496 perquisivi,
695 2408 736 2469 ut
778 2394 1018 2495 Exceptiones
1058 2399 1283 2498 potissimum

184 2546 374 2620 causaeque
391 2522 540 2620 privatae
557 2522 673 2621 magis
690 2520 833 2596 utibiles
850 2523 1049 2597 evaderent.
1102 2523 1124 2597 J
1126 2548 1185 2597 am
1200 2501 1283 2596 vero

185 2646 335 2735 Reiskii,
362 2644 410 2719 H.
428 2643 554 2718 Wolfii
580 2647 617 2718 in
644 2643 899 2743 Olynthiacam
925 2649 1088 2744 primam,
1113 2645 1282 2733 Dounaei,
1319 2672 1329 2691 ³

184 2768 350 2859 Weiskii,
379 2768 666 2859 Amersloordtii,
700 2768 852 2843 Thomae
882 2770 1043 2857 Stanleii,
1072 2772 1129 2846 vel
1162 2772 1282 2871 potius

185 2894 315 2971 Jacobi
325 2893 482 2994 Duporti
501 2892 690 2991 (Vinfra),
706 2894 1055 2989 Animadversiones,
1067 2922 1149 2972 cum
1166 2906 1285 2969 esseut

185 3020 396 3120 prolixiores
413 3047 521 3119 quam
539 3046 622 3119 quae
650 3020 781 3095 Textui
806 3024 935 3122 subjici
952 3037 1109 3124 possent,
1126 3050 1283 3100 seorsum

186 3146 328 3219 ederem
351 3170 496 3219 necesse
518 3157 613 3218 erat:
640 3145 697 3217 hae
714 3150 880 3243 quintum
895 3150 1063 3224 volumen
1078 3152 1148 3225 sibi
1166 3150 1282 3223 vindi-

185 3282 278 3347 cant.
315 3267 321 3277 ’

174 3396 181 3412 ’
235 3394 377 3469 Deinde
393 3392 558 3468 Scholia:
587 3418 738 3490 quorum
768 3393 840 3468 alia
868 3398 935 3472 sub
965 3400 1110 3473 nomine
1137 3399 1286 3498 Ulpiani

185 3518 422 3608 venditantur,
440 3516 511 3591 alia
526 3542 669 3615 prorsus
686 3543 864 3615 anonyma
879 3532 970 3595 sunt.
1036 3524 1079 3597 ln
1096 3523 1284 3624 Ulpianeis

187 3642 236 3718 H.
249 3640 422 3716 Wolfium
444 3666 524 3715 sum
542 3652 700 3751 secutus,¹
724 3644 775 3717 ita
797 3656 917 3720 tamen
944 3659 983 3721 ut
1010 3646 1197 3724 Lectiones
1211 3648 1285 3723 Va·

187 3770 329 3859 riantes,
347 3778 424 3840 tum
446 3763 567 3858 MSS,
592 3780 668 3841 tum
686 3766 831 3843 Aldinae
850 3768 1131 3874 Lutetianaeque,
1155 3774 1284 3848 Textui

187 3904 470 3996 apponerentur:
488 3893 679 3993 Anonyma
689 3919 818 3987 vero,e
834 3899 1053 3998 marginibus
1067 3901 1286 3977 diuersorum

186 4020 298 4097 MSS.
316 4018 504 4116 exscripta,
521 4018 560 4088 iu
582 4043 692 4091 unum
709 4044 840 4118 corpus
863 4024 988 4121 coegi;
1014 4034 1051 4096 et
1069 4025 1107 4097 in
1123 4024 1286 4124 plurimis

188 4145 336 4249 quidem
347 4142 448 4231 locis,
466 4167 508 4216 eo
524 4143 621 4240 quod
636 4144 675 4217 in
688 4142 877 4243 Ulpianeis
888 4148 1104 4247 jampridem
1118 4163 1286 4248 prostant,

188 4268 370 4347 Lectionis
385 4264 583 4341 Varietates
601 4278 738 4341 tantum
755 4268 914 4343 exhibui.

239 4393 448 4471 Extremum
466 4390 556 4465 illud
574 4402 639 4480 est,
656 4393 716 4465 cui
740 4393 844 4467 multi
868 4408 987 4492 partes
1012 4397 1188 4471 secundas
1214 4398 1286 4471 for·

188 4522 281 4596 sitan
314 4518 481 4605 tribuant,
519 4517 767 4617 Interpretatio
797 4518 934 4593 Latina.
1003 4517 1047 4593 ln
1073 4518 1288 4621 Philippicis
