2984 4917
371 306 431 365 AD
454 304 574 366 SUUM
595 304 819 385 unmosufl.
840 307 1052 369 PRAEFATT.
1204 302 1262 389 'liri

169 462 233 521 bras
246 470 419 539 perventum
433 458 497 529 suit,
519 460 550 519 in
562 460 694 519 lacerate
708 460 903 521 dubitationes
922 482 1003 523 meas
1016 463 1046 522 in
1063 464 1147 523 calca
1167 463 1262 543 operis

161 550 321 613 annotavi:
342 562 429 629 aulus
444 552 474 609 ln
488 552 689 611 Demosthene
704 552 809 612 Graeca
822 554 936 632 pridem
953 555 1130 633 marginibus
1148 555 1262 633 adjeci:

165 656 197 703 ct
211 646 240 703 in
254 644 313 702 fine
335 643 555 706 annotationum
574 645 614 703 ud
636 644 757 723 primaru
780 645 987 725 Olynthiacam
1010 666 1140 709 mearum
1163 657 1263 725 equos

166 738 296 797 lectores
309 736 418 814 rogari,
433 748 467 794 ut
479 754 562 795 suurn
576 737 615 795 ad
629 756 676 795 me
689 739 873 816 perscribere
881 738 1021 815 judicium
1038 760 1097 797 non
1110 758 1264 817 gravaren-

167 842 224 891 tur.
267 830 357 896 Quod
378 830 519 887 hactenus
541 829 659 907 quidem
681 849 701 889 ιι
723 832 849 902 nemine,
864 830 1082 910 quibuscunque
1097 832 1135 890 de
1155 832 1261 903 causis,

167 944 236 982 esse
255 922 364 981 sactum
384 922 528 1000 cognovi:
549 933 636 1000 atque
649 922 669 981 ii
684 922 770 981 etiam
791 942 838 983 me
853 924 1054 994 destituerunt,
1069 944 1142 1003 quos
1163 914 1262 985 coram

169 1015 260 1086 oravi,
273 1026 306 1073 ut
318 1032 399 1073 suam
413 1033 562 1073 censuram
579 1014 774 1093 interponere,
789 1034 826 1074 ac
840 1027 900 1073 tum
916 1016 984 1078 mihi
998 1026 1060 1073 turn
1073 1016 1146 1087 aliis,
1161 1017 1264 1077 utrius·

171 1128 229 1187 que
251 1108 359 1185 lingue
381 1106 569 1175 emtoribus,
587 1106 726 1166 inservire
745 1107 944 1167 obscuriorum
957 1109 1088 1167 locorum
1110 1110 1260 1187 (quantum

53 1228 57 1239 ·
169 1200 231 1263 fieri
246 1198 356 1278 posset)
374 1197 566 1257 illustratione
580 1198 779 1276 dignarentur.
820 1200 896 1259 lllud
913 1200 1032 1279 quidem
1054 1201 1170 1260 abunde
1193 1200 1263 1258 milri

169 1292 301 1369 contigit,
320 1311 380 1371 quo
399 1290 469 1349 nulli
490 1300 662 1369 prestantes
680 1291 732 1349 viri
747 1292 813 1371 (etsi
826 1312 884 1371 ego
902 1310 950 1353 me
969 1293 999 1351 in
1023 1312 1089 1351 aum
1110 1310 1263 1351 numerum

170 1384 287 1443 minime
305 1383 413 1459 refero)
434 1402 561 1462 unquam
583 1396 748 1455 cuderunt,
770 1395 803 1443 ut
822 1386 980 1445 existerent
995 1386 1205 1445 homunciones
1219 1385 1263 1463 ig·

171 1476 248 1547 nari,
268 1486 444 1553 arrogantes,
460 1474 588 1545 delicati,
609 1474 755 1549 maledici,
770 1477 820 1555 qni
835 1478 967 1536 caninam
987 1490 1088 1537 contra
1100 1498 1148 1536 me
1160 1476 1264 1536 facun-

171 1567 250 1627 diam
269 1578 456 1627 eaercereutr
478 1586 551 1645 quos
566 1586 621 1645 ego
635 1566 680 1625 vel
691 1567 825 1645 opinione
839 1588 892 1628 sua
905 1570 1009 1629 beatos
1022 1590 1098 1641 esse,
1112 1570 1158 1629 vel
1172 1570 1265 1629 livore

170 1660 388 1731 contabescere,
403 1659 450 1718 sel
467 1660 573 1719 latratu
591 1678 674 1719 auras
688 1659 810 1738 implere
820 1660 908 1721 facile
921 1664 1023 1740 patior,
1035 1674 1065 1723 et
1078 1663 1264 1722 conscientias

169 1772 243 1811 mese
261 1750 424 1811 testimonio
438 1760 600 1818 contentus,
614 1762 644 1809 et
657 1750 832 1829 posteritatis
845 1753 1019 1831 aequioribus
1028 1754 1148 1829 judiciis
1161 1756 1265 1827 fretus,

168 1842 265 1903 valera
275 1844 378 1920 jubeo.
421 1845 497 1909 Ques
510 1860 577 1902 cnm
592 1843 631 1902 ita
650 1843 716 1915 sint,
737 1862 795 1922 ego
816 1863 872 1916 me,
887 1844 997 1923 quiea,
1012 1865 1077 1925 quoe
1092 1848 1218 1905 tenuitas
1231 1858 1264 1907 et

167 1934 276 2015 ingenii
295 1946 326 1993 et
346 1934 471 1993 fortune
496 1954 571 1994 meas
592 1934 699 2007 ferunt,
714 1936 811 1995 omnia
825 1937 980 2015 diligenter
993 1936 1176 2016 fideliterque
1189 1958 1265 2017 prse-

168 2028 301 2099 su'teriin,
313 2026 384 2087 boni
397 2026 450 2085 viri
469 2026 572 2097 officio,
592 2038 622 2087 et
646 2024 813 2107 reipublice
832 2030 966 2089 literariae
986 2030 1110 2090 studiosi
1129 2029 1265 2089 functum

168 2140 234 2181 esse
255 2118 383 2179 confido.
438 2118 525 2177 stit
542 2120 627 2179 Deus
649 2120 786 2199 Optimus
802 2121 961 2193 Maximus,
982 2124 1044 2182 sine
1067 2127 1150 2199 cujus
1163 2123 1265 2186 favore

167 2213 276 2273 fmstra
287 2232 344 2270 nos
355 2210 523 2289 fatigamus,
539 2222 572 2271 ut
592 2230 682 2290 opera
702 2232 768 2272 mea
787 2225 899 2272 tantum
912 2215 1003 2294 prosit
1017 2216 1161 2286 omnibus,
1174 2234 1266 2293 quan·

168 2318 232 2367 tum
247 2326 304 2385 ego
316 2304 441 2364 vellemt
464 2316 553 2383 utque
567 2306 683 2366 labores
697 2308 726 2365 hi
741 2309 801 2366 mei
815 2309 919 2367 eodem
934 2309 1093 2368 animorum
1108 2310 1269 2369 candores
1337 2310 1342 2325 '

169 2399 328 2459 lectoribus
349 2396 543 2476 excipiantur,
555 2418 614 2477 quo
628 2417 704 2459 arne
718 2400 848 2479 suscepti
861 2400 1040 2480 perfectique
1059 2411 1135 2459 sunt.
1177 2400 1267 2461 Pera·

167 2497 284 2556 uerbum
299 2493 378 2553 enirn
391 2503 446 2563 est,
457 2490 538 2552 nullo
551 2510 605 2551 suo
619 2494 825 2562 emolumento,
836 2493 960 2572 publicas
973 2494 1118 2552 duntaxat
1137 2492 1267 2554 nubtatis

167 2588 261 2669 gratia
269 2588 463 2655 laborientem,
475 2584 631 2645 virulentas
647 2586 734 2645 etiarn
749 2585 989 2645 calumniatorum
1003 2586 1117 2661 linguas
1127 2585 1265 2663 experiri:

169 2702 293 2762 quorum
308 2698 442 2739 susurros
455 2689 545 2758 atque
559 2679 680 2739 aculeos
693 2679 716 2738 si
730 2678 840 2738 evitare
852 2698 911 2737 nou
923 2677 1035 2749 licebit,
1051 2678 1123 2736 illud
1137 2696 1184 2736 me
1199 2696 1268 2737 con-

168 2776 317 2847 solabitur,
337 2772 417 2852 quod
437 2770 565 2850 Magnus
582 2771 751 2831 Alexander
772 2773 940 2850 usurpabat,
963 2771 1070 2848 regium
1091 2790 1150 2828 esse
1171 2770 1268 2828 audire

169 2870 249 2939 mule,
261 2886 323 2927 cusa
329 2866 429 2946 focius
443 2866 516 2922 dene.
558 2864 709 2942 Mitigabit
721 2874 753 2923 et
765 2863 815 2921 illa
827 2863 900 2921 ratio
914 2860 1044 2920 dolorem
1064 2880 1171 2931 meum,
1187 2860 1267 2939 quod

169 2958 284 3022 cordati
305 2978 404 3019 ornnes
424 2958 504 3017 bend
523 2956 678 3016 difficulter
691 2956 880 3036 perspiciunt,
895 2955 924 3013 id
939 2974 1032 3033 genus
1052 2954 1269 3015 criminationes

171 3071 231 3114 nou
242 3064 301 3112 tam
312 3053 350 3111 ab
360 3050 573 3131 improbatione
585 3050 684 3129 magni
694 3059 817 3109 conatus
829 3068 863 3107 oc
873 3047 996 3107 difficilis
1007 3046 1103 3127 operis
1117 3056 1267 3106 contemtu

170 3144 324 3227 proficisci,
335 3164 421 3225 quem
435 3144 472 3201 ab
487 3142 682 3215 emulatione,
695 3142 908 3212 malevolentia,
923 3140 1047 3199 invidia:
1068 3158 1134 3218 quse
1147 3138 1175 3197 in
1188 3159 1267 3198 sum·

169 3258 217 3299 ma
230 3236 410 3317 turpitudine
424 3235 453 3293 id
466 3234 559 3295 solum
571 3235 663 3295 habet
676 3236 754 3306 boni,
769 3235 846 3313 quod
860 3235 904 3305 iis,
915 3234 946 3292 in
959 3252 1081 3313 quorum
1102 3233 1203 3293 animis
1220 3253 1267 3292 se·

169 3332 237 3391 dem
251 3328 323 3401 fixit,
338 3328 492 3408 plurimum
506 3327 589 3389 affert
608 3328 684 3388 mali.
728 3328 796 3406 Ego
809 3346 876 3386 vero
890 3327 1002 3385 illomm
1016 3326 1130 3386 miserie
1144 3346 1203 3386 non
1215 3327 1266 3386 de·
1308 3343 1311 3350 ·

166 3424 267 3494 lector,
279 3422 334 3481 sed
345 3438 395 3481 eos
408 3420 448 3479 ita
460 3420 561 3479 felices
575 3438 639 3479 esse
652 3420 768 3491 vellem,
785 3431 826 3490 ut,
837 3437 904 3497 que
918 3420 1135 3497 reprehendunt
1150 3430 1180 3478 et
1194 3440 1264 3480 exa·

169 3516 273 3595 gitant,
292 3512 481 3591 corrigerent,
501 3530 538 3571 ac
560 3513 649 3591 longe
671 3510 792 3571 meliora
814 3511 969 3571 efficerent
1024 3514 1070 3571 lta
1091 3514 1210 3572 demum
1233 3524 1265 3572 et

170 3604 374 3667 existimationi
395 3624 455 3663 sure
476 3604 671 3675 consulerent,
694 3616 726 3663 et
746 3603 884 3665 studiosis
897 3605 1079 3683 prodessent,
1095 3616 1124 3663 et
1137 3626 1211 3665 meae
1222 3605 1267 3664 fa,

171 3720 235 3771 rnre,
250 3698 275 3758 si
290 3696 384 3776 gratia
397 3696 549 3756 doctorum
566 3697 716 3776 indignum
738 3716 802 3756 esse
815 3708 927 3776 putant,
944 3697 1009 3777 (etsi
1030 3717 1200 3777 persuasum
1213 3699 1267 3762 ha,

169 3792 236 3861 beo,
247 3788 502 3861 temerefortssse,
515 3790 568 3849 sed
578 3800 677 3849 tamen
691 3810 861 3869 persuasum
882 3790 1143 3861 habeo„neninem
1158 3792 1266 3849 bonum

168 3894 199 3943 ct
213 3884 332 3943 doctum
346 3881 416 3941 mihi
430 3900 493 3943 esse
507 3881 663 3961 inimicum)
681 3883 944 3943 incommodarent.
985 3882 1044 3942 Sed
1058 3885 1134 3943 bene
1147 3904 1265 3963 sperans

169 3976 239 4036 dum
250 3974 345 4057 potius
358 3986 417 4046 est,
425 3994 513 4054 quam
526 3976 603 4035 mals
617 3976 822 4037 ominnndum:
844 3987 875 4035 et
892 3974 977 4051 hujus
991 3987 1098 4036 nostre
1112 3977 1265 4037 laboriosis

168 4068 375 4139 conversionis,
400 4078 488 4147 atque
512 4068 686 4147 operosioris
704 4069 794 4135 ,etism
818 4069 1023 4147 recognitionis
1051 4082 1184 4139 eventus,
1205 4070 1265 4128 for-

168 4172 249 4221 tunoe
269 4160 471 4238 lectorumque
487 4160 605 4235 judiciIs
623 4160 850 4240 permittendus:
871 4181 935 4240 que
943 4182 1002 4241 quo
1015 4161 1143 4240 aequiora
1156 4181 1264 4240 cogno-

167 4252 305 4329 verimus,
325 4270 361 4311 eo
380 4252 535 4311 reddemur
553 4252 592 4313 ad
612 4252 803 4314 absolvendos
820 4258 914 4329 justos
933 4253 963 4312 in
982 4255 1214 4315 Demosthenem
1235 4262 1267 4312 et

168 4345 330 4404 Isocratem
354 4342 587 4415 commentarios,
608 4344 774 4407 alacriores.
816 4346 969 4425 AEquitatis
990 4359 1087 4407 autern
1100 4366 1164 4407 csse
1182 4355 1265 4423 puto,

169 4428 309 4515 pauculos
323 4454 446 4509 errores,
462 4456 535 4515 qnos
553 4434 583 4494 in
597 4438 708 4517 prolixo
727 4458 817 4518 opere
833 4458 936 4499 cavere
952 4438 1146 4500 difficillimum
1166 4448 1220 4510 est,
1233 4451 1265 4497 et

1137 4648 1148 4681 Ι
