2984 4917
215 268 294 331 clxsi
554 271 740 335 natsKn.
755 271 975 342 PRAEFATIO

212 434 315 487 ast-
325 424 413 485 Initio
432 426 651 490 annotationum
673 427 711 487 ad
727 428 885 508 Ulpianum
899 427 988 489 Wott
1002 428 1044 489 ait
1055 448 1086 507 p.
1098 433 1168 490 244.
1180 446 1232 502 ess
1245 447 1264 489 a
1276 446 1314 496 sa

210 517 333 597 scriptas
348 539 412 581 csse
426 538 504 582 anuo
517 526 603 583 1566.
641 520 701 582 Sed
712 541 780 582 cum
789 522 902 579 interea
911 521 1056 598 prodisset
1070 520 1315 592 editioParisina,

210 611 241 671 in
261 630 320 689 qup
340 612 459 691 Ulpiani
478 614 590 678 scholia
612 613 705 673 multo
728 621 797 674 sunt
818 610 977 691 antiquitus
999 611 1085 673 editis
1108 612 1313 690 locupletiora,

166 772 169 783 Ι
209 701 276 773 illis,
289 721 354 780 quoe
374 703 549 763 reddidisset
562 702 649 763 Wolf
665 702 695 761 in
716 722 770 763 sua
790 702 929 774 editione,
949 703 1017 763 ideo
1038 704 1222 770 accessiones
1245 705 1311 769 illas

213 811 313 853 omnes
336 792 470 854 editionis
493 795 630 855 Parisinae
650 793 771 856 seorsim
795 794 900 854 excudi
920 794 1032 857 curavit
1054 816 1123 855 cnm
1142 787 1234 857 latina
1257 814 1312 857 soa

212 884 461 963 interpretatione.
492 907 509 946 a
536 906 564 966 p.
586 890 656 947 262.
681 886 720 945 ad
742 891 855 965 pauo.
897 886 1007 947 Tomus
1018 887 1074 949 VI.
1084 888 1310 966 comprehendit

100 998 106 1005 ‘
212 976 313 1037 Wolfii
327 978 506 1060 aliorumque
518 978 555 1045 ad
568 979 720 1039 Demosth.
731 978 933 1041 annotationes
953 992 985 1041 et
1006 980 1118 1059 sylvam
1136 979 1310 1051 variantium

212 1068 369 1132 lectionum
391 1071 576 1151 indigestam.
629 1072 694 1131 Fini
719 1072 938 1138 annotationum
959 1092 1076 1136 suarum
1100 1073 1310 1142 adorationes

213 1160 420 1226 Demosthenis
434 1175 464 1223 et
478 1164 626 1225 AEschinis
640 1164 818 1229 adversarias
838 1164 947 1239 adjecit
961 1166 1047 1225 Wolf
1062 1164 1188 1226 schedas
1204 1165 1311 1229 Serim-

212 1254 285 1332 geri,
301 1254 455 1333 dequibus
477 1258 599 1336 exponit
619 1277 648 1337 p.
665 1261 733 1319 102.
774 1258 810 1316 In
822 1255 882 1315 fine
901 1259 1120 1322 annotationum
1140 1259 1180 1320 ad
1197 1270 1310 1331 tomum

211 1358 345 1427 quartum
361 1369 389 1427 p.
400 1352 467 1413 137.
481 1370 579 1429 graeca
592 1350 723 1411 clausula
733 1360 857 1409 testatur
867 1370 918 1411 eas
930 1350 1077 1412 absolutas
1090 1371 1158 1411 esse
1168 1353 1209 1411 A.
1220 1355 1311 1421 1569.

212 1439 411 1517 θαργηλιῶνος
435 1454 589 1521 μεσοῦντος
614 1442 654 1521 (h.
670 1462 697 1501 e.
713 1444 862 1520 Augusto)
882 1442 918 1503 P.
934 1449 1003 1505 143.
1024 1443 1310 1523 incipiuntCuatigtt·

212 1532 306 1591 tiones
321 1550 356 1591 ac
372 1531 494 1593 diversae
512 1534 652 1595 lectiones
674 1533 705 1593 in
723 1532 871 1600 orationes
885 1533 1095 1597 Demosthenis
1115 1554 1169 1615 per
1183 1534 1312 1596 turicen-

211 1624 283 1683 tium
305 1624 494 1705 Obaopmnm,
510 1626 687 1685 uetustissimi
708 1628 849 1703 cujusdam
869 1630 1029 1703 exemplaria
1051 1628 1170 1687 submodio
1191 1628 1310 1687 collecta

211 1736 265 1787 noa
279 1725 387 1777 tontum
400 1718 514 1778 editioni
523 1720 638 1790 Aldine,
653 1736 746 1777 uerum
758 1719 843 1775 etium
855 1719 1018 1791 Basileenss}
1032 1739 1090 1797 qam
1100 1728 1240 1796 postremo
1253 1729 1309 1791 est,

211 1828 264 1865 aon
277 1807 333 1865 aine
345 1808 450 1887 fructa
471 1811 633 1869 adhibenda.
652 1829 715 1867 num
729 1809 759 1867 in
778 1819 888 1880 neutro,
903 1830 961 1886 quc
974 1812 1017 1870 lic
1031 1813 1217 1890 emendantur,
1236 1818 1315 1873 recte'

205 1899 318 1959 labent.
362 1900 421 1959 Hic
436 1912 481 1961 est
497 1900 595 1961 titulus
619 1900 762 1980 opusculi,
777 1901 815 1960 de
834 1922 892 1980 quo
902 1903 1090 1977 jamdudum
1103 1903 1202 1964 dicere
1217 1903 1310 1965 debu·

209 1992 306 2064 issem,
322 1992 375 2050 nisi
388 1993 477 2055 satius
499 1993 648 2055 duxissem
668 1993 818 2053 historiam
839 1994 998 2055 editionum
1022 1996 1228 2057 Demosthenis
1248 2017 1309 2057 non
1423 2008 1427 2012 ’

199 2084 391 2163 interrumpi.
432 2085 547 2145 Prodiit
560 2084 616 2145 hoc
630 2086 802 2165 opusculum
811 2085 936 2145 Basileus
949 2088 1075 2166 primum
1089 2088 1120 2148 in
1139 2099 1245 2167 quarto
1256 2088 1310 2149 mi·

210 2176 289 2236 nimo
307 2195 383 2234 anno
398 2180 487 2239 1533.
509 2176 643 2256 Triginta
656 2196 741 2256 paene
756 2177 838 2236 annis
850 2189 917 2256 post
930 2178 1009 2239 idem
1016 2179 1104 2239 Wolf
1113 2181 1233 2241 editioni
1246 2201 1311 2251 suta

195 2338 199 2347 .
212 2267 417 2337 Demosthenis
428 2267 548 2327 inseruit
562 2288 629 2327 cum
640 2268 737 2347 aliqua
756 2270 928 2331 accessione
941 2292 1004 2333 sua.
1047 2272 1213 2353 Obsopoeus
1231 2274 1311 2335 enim

211 2380 277 2431 oum
291 2360 420 2419 libellum
435 2380 521 2420 suum
531 2360 713 2439 Hieronymo
728 2362 982 2441 Baumgartnero*
996 2364 1119 2443 patricio
1132 2385 1169 2426 ac
1181 2365 1310 2427 senatori
1370 2410 1375 2415 -

212 2452 442 2531 Norinbergensi
463 2452 625 2526 obtulisset,
642 2453 729 2512 Wolf
744 2466 892 2515 renovatas
916 2456 1037 2516 editioni
1060 2458 1149 2535 hujus
1177 2458 1310 2539 epistolas

211 2545 409 2617 dedicatoria,
429 2547 514 2607 aliam
536 2566 617 2607 suam
632 2546 765 2606 edistius
783 2546 959 2627 Hieronymi
974 2550 1194 2628 Paumgartneri
1206 2550 1309 2623 filium,

209 2636 285 2715 patri
312 2638 526 2716 cognominem,
552 2638 711 2699 Consulem
734 2638 993 2717 Noribergansem,
1017 2641 1135 2717 adjecit.
1193 2643 1227 2701 ln
1249 2644 1309 2704 hoc

210 2729 350 2809 opusculo
362 2729 529 2811 Obsopoeus
548 2732 628 2791 locos
642 2750 701 2790 nou
714 2751 826 2811 pancos
840 2732 1046 2795 Demosthenis
1058 2735 1159 2795 Aldini
1173 2756 1191 2794 e
1205 2737 1309 2798 codice

210 2821 417 2901 manuscripto,
432 2823 525 2901 quiin
544 2842 646 2883 manus
665 2827 726 2900 ejus
745 2835 865 2884 venerat
887 2822 1080 2897 ePannonia,
1101 2828 1235 2899 correxit,
1257 2839 1309 2907 aut

209 2912 303 2981 saltim
319 2914 410 2973 varias
431 2918 494 2993 ejus
516 2915 657 2975 lectiones
681 2916 849 2995 expromsit.
892 2919 991 2983 Quare
1005 2918 1206 2978 Pannonicum
1227 2920 1308 2983 hunc

209 3006 342 3077 ¹codicem
357 3007 439 3067 soleo
453 3008 602 3087 appellare
617 3007 655 3067 ad
669 3005 836 3087 exemplum
846 3010 957 3069 Wolfii.
972 3009 1022 3089 qui
1040 3011 1135 3070 codex
1148 3031 1204 3090 quo
1219 3011 1308 3073 deve·

209 3098 285 3183 uerit
299 3098 377 3157 haud
391 3109 516 3159 constat.
558 3099 628 3173 Non
641 3098 696 3181 fuit
716 3099 766 3159 ille
785 3098 904 3178 quidem
922 3102 1040 3181 optimae
1057 3110 1144 3162 nota.
1161 3102 1252 3163 habet
1265 3114 1309 3167 ta·

209 3210 277 3263 meu
291 3191 436 3250 interdum
451 3191 595 3251 lectiones
610 3210 668 3249 uon
683 3193 926 3253 contemnendus.

219 3324 222 3331 ·
251 3282 309 3343 Sed
323 3284 413 3343 redeo
426 3284 465 3343 ad
478 3303 551 3363 opus
566 3283 754 3342 Wolfianum.
796 3286 892 3345 Erunt
909 3287 973 3347 sine
988 3287 1078 3347 dubio
1093 3288 1142 3368 qui
1156 3287 1307 3361 mirentur,

211 3396 278 3435 cum
292 3376 367 3434 inter
389 3387 515 3453 quatuor
536 3375 664 3447 codices,
689 3376 830 3456 equibus
852 3391 1000 3460 excerptae
1019 3380 1152 3440 dicuntur
1164 3382 1252 3443 sarim
1265 3382 1309 3443 le·

209 3468 322 3529 ctiones
337 3488 366 3547 p.
380 3473 521 3529 lau-142.
536 3468 650 3547 positae,
666 3468 861 3530 Felicianeam
875 3473 1081 3544 nominassem,
1096 3492 1195 3532 rursus
1210 3484 1310 3534 tamen

209 3580 240 3643 p.
254 3562 321 3624 137.
346 3572 501 3621 occurrant
519 3560 676 3622 varietates
699 3581 715 3620 a
738 3561 915 3625 Felicianea.
957 3550 1083 3625 Causam
1102 3566 1145 3624 rei
1165 3566 1269 3647 accipe
1289 3588 1309 3629 a

209 3652 290 3713 brevi
314 3652 413 3712 Wolfii
435 3652 492 3713 hac
514 3652 703 3732 prefatione:
726 3652 797 3714 Post
820 3655 1005 3717 immaturum
1029 3657 1140 3717 obitum
1163 3658 1309 3739 Bolpangi
1355 3653 1359 3664 '

207 3744 386 3824 ¹Empacheri
411 3745 571 3805 Tirolensis
584 3745 786 3806 -Clauditur
808 3748 866 3809 hoc
891 3761 1063 3828 excerptum
1090 3749 1148 3809 hac
1176 3751 1310 3815 clausula

210 3840 311 3915 Atque
325 3838 390 3899 haec
405 3858 442 3899 ex
463 3838 700 3899 annotationibus
713 3839 787 3900 meis
804 3840 835 3899 in
850 3842 1029 3902 Felicianum
1051 3841 1184 3902 codicem
1207 3842 1309 3903 confe-

210 3930 265 3991 ctis
279 3942 347 3989 ante
359 3950 450 3989 anuos
461 3934 510 3989 33.
525 3936 544 3990 3
561 3930 660 3990 Nonas
673 3931 833 3993 Decembr.
845 3938 934 3995 1569.
976 3932 1096 4011 Ergone
1110 3954 1169 3993 non
1178 3946 1247 3993 suut
1259 3935 1309 3995 hm

209 4042 297 4082 merae
307 4022 395 4081 sariae
408 4023 559 4094 lectiones,
571 4042 588 4081 e
603 4023 628 4082 F
629 4022 777 4094 alisiense,
788 4023 839 4083 sed
850 4024 1019 4085 intermista
1030 4044 1147 4103 quoque
1155 4026 1311 4085 suntWol·

208 4102 238 4175 'rii
250 4116 450 4193 conjecturae?
474 4115 674 4175 Examinetur.
688 4115 854 4195 Insequitur
866 4116 1164 4198 duplexaoccssioex
1179 4116 1308 4177 editione

209 4288 212 4295 ·
241 4271 257 4301 ⁸
273 4269 391 4323 Viderint.
402 4270 487 4332 quibus
502 4270 595 4318 amate
605 4270 709 4331 patriciis
727 4271 951 4334 Norinbergaosiun
966 4270 1080 4325 sotium,
1090 4286 1158 4331 qaam
1169 4270 1237 4329 nihi,
1247 4278 1311 4328 sunt,

209 4364 262 4395 aum
273 4354 339 4409 paler
351 4348 388 4394 hio
397 4348 428 4394 sit
438 4348 501 4395 illins
512 4348 549 4394 lo.
560 4348 657 4408 Georgii
671 4349 856 4413 Banmgurtmrl,
867 4348 905 4397 oui
916 4349 1030 4397 &umus
1041 4348 1216 4397 &stradam
1224 4348 1311 4409 aditio·

211 4440 263 4473 uem
272 4423 451 4505 Hprnspianam
460 4424 558 4488 primam
568 4424 702 4507 inscripsit..
