2984 4917
203 306 287 382 iuti
616 310 645 372 l.
663 306 859 373 teneat

247 462 325 527 Eum
344 469 378 521 ut
397 459 437 522 ad
450 458 496 525 Τι
508 458 691 543 potissimum
700 462 863 537 deferrem,
875 459 939 523 Vn'
947 456 1147 533 Nobilissime,
1165 455 1252 531 nobis
1263 454 1312 519 isi-

205 550 345 616 licissime
367 553 468 626 cessit,
483 554 564 634 quod
576 574 636 615 nou
651 564 723 617 mea
735 564 784 618 me
795 554 890 637 magis
902 553 1037 615 voluntas
1056 550 1201 623 incitaret,
1220 565 1310 629 quam

208 644 509 725 admoneretpublica
518 646 648 708 omnium
659 650 850 730 exspectatio.
889 644 1313 726 Eflegitaruutsinqmsplt·

208 738 324 819 pulares
338 737 405 811 Tui,
419 749 452 798 ut
464 738 597 818 prodiret
613 741 668 801 iste
678 752 776 803 orator
784 742 852 803 Tuo
861 739 974 801 numini
987 739 1190 815 consecratus,
1203 735 1311 797 eodem

210 828 319 901 animo,
332 846 392 909 quo
403 828 544 903 ιιιιιιιιιιι,
565 832 670 893 eodem
690 853 753 907 ore,
774 854 834 915 quo
848 832 1029 914 profitentur,
1044 831 1091 892 'l'e
1110 831 1200 891 unice
1211 839 1313 889 natum

212 938 277 983 esse
291 921 330 983 ad
342 938 409 982 eum
419 921 546 983 feliciter
558 922 738 987 imitandum.
766 927 942 999 Voluerunt,
950 935 983 984 ut
995 934 1086 996 esset,
1096 924 1196 1004 unque
1208 922 1314 981 saltem

212 1105 331 1169 nibus''
312 1126 348 1167 na
361 1106 528 1179 ιιιιιιιιιιιιι,
541 1127 609 1189 ques
625 1110 741 1171 civilem
760 1111 906 1172 hominem
920 1108 1039 1181 decent,
1059 1126 1147 1189 quem
1162 1104 1257 1185 gratia
1269 1103 1315 1163 di·

213 1198 312 1275 eendi,
326 1199 512 1261 consiliorum
529 1202 683 1280 mutate,
696 1202 858 1265 incredibili
873 1201 973 1263 studio
987 1200 1061 1281 reip.
1081 1210 1113 1261 et
1125 1216 1237 1279 genere
1249 1214 1316 1257 ors·

215 1292 314 1366 tionis,
328 1303 425 1354 totum
438 1289 585 1355 effinxisti.
994 1347 999 1359 .

163 1450 167 1455 .
256 1384 386 1446 Ptoinde
398 1383 504 1446 merito
516 1384 690 1466 gaudebam,
705 1407 775 1449 eum
786 1386 914 1449 maxime
927 1407 968 1449 ex
981 1385 1061 1447 omni
1079 1382 1256 1466 antiquitate
1275 1378 1317 1443 ad

213 1476 292 1539 hanc
313 1486 444 1541 nostram
466 1487 595 1553 etatem,
617 1500 772 1561 meamque
796 1499 917 1561 operam
937 1478 1081 1543 ιιιιιιιιι
1099 1476 1320 1558 expoliendum.

218 1570 314 1645 Cujus
326 1568 482 1649 evulgandi
503 1570 578 1631 ratio
598 1582 660 1633 tam
679 1574 827 1655 propriam
841 1573 910 1633 Tibi
927 1582 958 1634 et
973 1571 1154 1653 peculiarem
1174 1569 1253 1629 banc
1265 1586 1320 1629 no·

216 1669 307 1722 stram
320 1660 568 1742 nuncupationem
580 1663 663 1740 fecit,
677 1685 766 1745 quam
779 1665 908 1725 diuturni
920 1662 1060 1744 temporis
1073 1682 1143 1723 usus
1156 1656 1321 1723 istiusmodi

218 1751 488 1815 commendationes
496 1755 544 1815 ιιι
560 1770 731 1817 communae
741 1756 847 1829 reddit,
859 1756 909 1816 rel
921 1755 1106 1836 suspiciosas.
1147 1752 1227 1813 Nihil
1241 1751 1323 1813 enim

218 1843 418 1916 assentationi,
431 1846 503 1904 nihil
515 1847 720 1907 consuetudini
733 1848 834 1907 datum
848 1846 882 1907 iri
894 1849 991 1911 sensi:
1011 1847 1084 1907 nibil
1096 1844 1135 1908 de
1148 1845 1196 1905 Te
1208 1842 1251 1905 ita
1263 1841 1325 1905 dici

220 1956 318 2019 posse,
331 1948 365 1999 ut
378 1936 456 1997 idem
475 1937 546 1997 illud
560 1938 599 1998 da
620 1938 689 2012 alio,
702 1940 752 2001 ιιι
764 1938 794 1999 ιιι
806 1939 875 2012 hac,
888 1941 936 2001 ιιι
952 1940 985 2000 in
1002 1940 1093 2019 longa
1105 1941 1250 2017 majorum
1262 1954 1325 1997 me·

221 2029 325 2103 moria,
340 2028 399 2091 dici
411 2028 542 2105 potuisse
551 2029 715 2091 rideretur:
735 2042 852 2092 tantum
861 2043 960 2093 autem
974 2052 993 2093 a
1006 2051 1054 2093 me
1067 2040 1243 2111 exspectare
1256 2046 1324 2091 ors·

163 2144 169 2157 ‘
220 2122 308 2183 tionis
321 2120 537 2195 necessitatem,
552 2132 692 2203 quantum
711 2124 750 2185 ab
763 2123 826 2187 aliis
842 2125 919 2187 solet
930 2124 978 2185 ιιι
995 2123 1183 2187 emendicare
1195 2122 1328 2199 fortuna,

224 2224 257 2279 et
269 2214 434 2295 exprimere
447 2214 588 2277 adulatio.

264 2306 464 2385 Praeterquam
478 2324 559 2381 uero,
572 2306 653 2386 quod
666 2308 800 2370 omnibus
817 2319 921 2370 notum
934 2307 982 2381 sit,
996 2305 1047 2390 qui
1060 2308 1099 2369 de
1112 2307 1237 2386 hujusce
1250 2324 1327 2386 gen·

223 2395 262 2459 tis
275 2396 411 2458 laudibus
423 2396 533 2479 aliquid
546 2410 663 2473 norunt,
676 2413 819 2480 quantum
832 2402 1043 2464 nobilissimum
1057 2402 1139 2462 hunc
1150 2399 1327 2479 scriptorem

227 2508 292 2571 pree
305 2488 421 2550 certetis
440 2489 568 2570 antique
582 2491 754 2553 eruditionis
772 2504 804 2553 et
822 2491 998 2572 eloquentiae
1010 2492 1178 2554 auctoribus
1190 2489 1328 2563 didicisti,

229 2580 316 2643 nobis
336 2580 368 2642 id
385 2580 474 2642 etiam
492 2582 627 2662 privatim
644 2583 812 2659 innotescit,
825 2595 940 2645 tantum
953 2604 1021 2645 eum
1033 2584 1101 2645 Tibi
1113 2584 1231 2646 adferre
1241 2582 1328 2644 volu·

229 2672 357 2755 ptatisin
368 2672 531 2735 evolvendo
531 2676 815 2756 ,quantumpublice
825 2674 1328 2739 adtuleritfructusadimitandnm.

231 2766 356 2835 Quoties
370 2765 416 2827 Te
436 2766 533 2828 audiri
554 2766 663 2847 (audiui
682 2778 780 2828 autem
801 2769 1018 2848 saepenumero)
1031 2768 1197 2831 memoriter
1209 2786 1247 2829 ea
1258 2766 1329 2828 locs

229 2859 389 2931 adducere,
401 2870 488 2942 prout
505 2859 646 2921 sermonis
666 2860 758 2920 nostri
778 2861 852 2922 ratio
871 2862 1130 2942 postulabatque
1149 2862 1200 2922 ille
1213 2860 1261 2921 ιιι
1280 2878 1330 2920 sa·

228 2952 344 3034 pienter
357 2951 387 3011 in
400 2970 486 3013 usum
502 2972 619 3015 suorum
633 2952 737 3013 civium
751 2953 921 3027 elaborarit,
934 2954 982 3015 ιιι
1001 2954 1157 3034 magnifice
1173 2954 1213 3015 ud
1229 2962 1330 3033 poste-

231 3064 332 3105 rorum
345 3043 577 3118 admirationem,
592 3045 679 3106 toties
694 3046 739 3105 Te
752 3045 871 3106 memini
883 3057 967 3107 tanta
976 3066 1043 3107 cum
1056 3047 1161 3125 gratia
1176 3055 1259 3105 tants
1270 3043 1330 3105 oris

231 3136 386 3208 suavitate,
400 3146 462 3196 tam
474 3136 626 3216 eleganter
639 3156 677 3197 ea
686 3136 821 3209 recitare,
830 3156 919 3215 quam
931 3137 981 3195 ille
993 3137 1139 3216 scripserit
1151 3136 1290 3197 feliciter.

270 3228 340 3291 Jam
352 3246 422 3290 sero
437 3228 524 3310 quale
538 3239 584 3291 est
594 3228 677 3303 illud,
691 3248 752 3289 non
765 3230 859 3290 solum
871 3224 968 3289 studio
981 3238 1012 3287 et
1025 3228 1143 3289 assiduo
1155 3230 1259 3289 labore
1273 3228 1333 3290 edi·

233 3342 313 3395 cere,
332 3331 365 3382 ιιι
378 3320 425 3381 he
438 3332 516 3383 artes
530 3330 628 3382 essent
640 3322 671 3381 in
685 3320 731 3383 Te
741 3340 873 3393 mmmm,
888 3338 989 3380 rerum
1003 3320 1091 3381 etism
1102 3320 1197 3401 gratis
1211 3330 1243 3381 et
1253 3340 1334 3402 prrs-

233 3414 318 3487 sidio,
333 3424 368 3474 ut
380 3414 461 3495 apud
478 3414 550 3475 elios
564 3414 780 3494 quodammodo
793 3422 893 3474 essent
906 3418 1072 3494 perpetuari
1092 3414 1172 3474 Nam
1185 3434 1253 3475 cum
1266 3432 1332 3475 ors·

235 3522 333 3572 torem
344 3510 423 3571 hunc
434 3520 566 3569 nostrum
580 3506 802 3569 emaculandum
815 3506 846 3567 in
858 3526 908 3568 me
921 3507 1092 3586 receperim,
1107 3506 1218 3591 (recepi
1231 3516 1334 3567 autem

236 3603 402 3683 diligenter,
413 3619 480 3661 cum
489 3601 563 3662 tanti
577 3600 703 3661 auctoris
717 3593 900 3673 celebritate,
910 3610 973 3660 tum
986 3599 1045 3659 Tui
1057 3599 1182 3661 nominis
1190 3598 1334 3677 religione

237 3713 298 3757 non
310 3692 500 3755 mediocriter
512 3692 673 3776 permotus)
686 3692 757 3753 nihii
767 3714 788 3755 a
800 3693 846 3753 Te
858 3712 919 3752 non
932 3703 977 3752 est
988 3691 1181 3763 elaboratum,
1189 3702 1223 3751 ut
1235 3690 1336 3770 prodi·

236 3799 284 3850 ret
303 3798 366 3847 tum
387 3786 577 3859 ornatissime,
590 3795 654 3846 tum
675 3786 762 3847 etiam
781 3784 1027 3849 emendatissime.
1068 3784 1199 3854 Proinde
1215 3784 1337 3843 Desso-

241 3884 401 3943 srrrrlrnrr
415 3878 512 3939 Tuum
523 3878 602 3939 omni
613 3876 774 3939 officiorum
786 3877 1053 3957 beneficiorumque
1067 3884 1178 3958 genere
1190 3875 1337 3936 demereri

238 3972 340 4045 velles,
351 3981 383 4032 ιι
396 3978 428 4033 ιιι
440 3981 554 4032 tantum
565 3972 627 4053 jam
640 3970 718 4031 soret
730 3971 762 4031 in
774 3970 897 4032 consilio
909 3980 963 4031 tuo
971 3968 1182 4041 sollicitudinis,
1191 3978 1336 4048 quantum

237 4066 307 4129 olim
317 4064 421 4129 eratin
435 4064 568 4145 exemplo
581 4064 774 4127 auctoritatis.
816 4064 886 4125 Non
897 4064 928 4123 in
941 4063 1142 4125 adumbrande
1151 4060 1248 4142 operis
1266 4060 1339 4121 ima·

238 4160 318 4243 gine,
328 4179 388 4221 non
401 4159 432 4219 in
446 4156 592 4220 ordinibus
606 4157 796 4239 disponendis
815 4168 904 4238 atque
917 4154 1102 4227 adornandis,
1121 4154 1219 4215 Tuum
1232 4152 1338 4219 deerat

237 4252 367 4316 studium
382 4261 433 4315 sut
445 4250 605 4331 diligentia,
617 4272 687 4314 non·
698 4250 827 4313 hortatio
840 4250 880 4311 ad
893 4269 930 4311 ιι
945 4249 1012 4309 loca
1023 4245 1149 4327 penitius
1164 4246 1338 4319 recolenda,

237 4348 289 4409 ubi
299 4344 459 4408 desiderari
469 4344 618 4415 rideretur
630 4344 765 4427 quedam
776 4341 863 4405 animi
873 4342 1005 4414 intentio,
1016 4360 1078 4402 non
1090 4340 1121 4401 in
1133 4340 1169 4401 lis
1179 4358 1239 4401 uns
1250 4358 1339 4401 ιιιο·

237 4438 333 4505 leudis
345 4437 465 4505 solertia
483 4449 515 4501 et
534 4438 704 4503 auctoritas.
743 4434 852 4501 Nemo·
862 4434 987 4499 erat'rel
1006 4432 1201 4517 supellectile
1209 4433 1339 4507 libratis.
