2984 4917
421 290 426 303 ’
502 309 562 371 in
583 306 935 373 nniiosrriciinir.
1189 308 1274 371 cuii

161 462 223 533 ¹red
234 462 364 542 magicos
381 460 520 543 inpr‘nnis,
533 464 622 546 quod,
635 478 763 547 qua'eor
780 466 960 540 assiduitate,
973 480 1033 544 qua
1050 462 1160 543 ingenii
1179 462 1273 524 felici

167 566 242 634 tate,
256 576 318 635 qua
326 556 430 633 iudicii
443 558 600 621 severitate
614 571 767 631 memores,
780 568 952 619 tunicomr
978 557 1044 618 Erit
1057 557 1126 617 olim
1139 556 1271 636 posterla,

168 668 237 708 cuin
251 648 281 707 in
296 649 392 709 lucem
407 647 465 709 illie
479 650 646 729 prodibunt,
660 651 698 711 de
711 670 771 729 qno
784 650 841 711 sibi
859 650 1111 729 conprendentur.
1150 648 1272 707 Interim

167 740 294 801 salutem
308 738 415 801 civium
430 751 546 801 tuorum
566 752 627 803 tuns
645 744 715 803 artis
726 741 868 803 felidtate
880 742 983 803 tueris.
1023 740 1122 801 Etiam
1133 740 1192 801 lioc
1206 740 1273 799 Bri·

163 833 298 893 tanniam
310 844 392 892 tuam
405 850 502 907 ornes,
515 834 595 913 quod
613 834 833 907 bibliothecam,
846 854 865 896 a
876 845 908 895 te
921 852 1029 912 magno
1047 843 1273 911 mutuaeque

161 924 282 985 minore
303 925 501 997 contentione,
522 937 554 985 et
573 926 715 987 felicitate
736 927 823 1001 adeo,
844 927 1010 1005 collectum,
1029 924 1130 985 usibus
1146 924 1274 984 virorum

169 1018 326 1077 doctorirm
349 1016 524 1097 patefecisti,
549 1029 610 1079 tam
633 1018 825 1099 locupletem,
845 1030 905 1081 tam
924 1019 1097 1079 instructam
1122 1016 1272 1077 codicibus

163 1110 278 1189 grecie
292 1109 448 1189 latinisque
462 1110 576 1171 celatim
588 1112 723 1183 ermetis,
738 1122 770 1173 et
783 1111 961 1173 editionibus
967 1120 1117 1171 auctorum
1130 1119 1274 1181 veterum,

163 1200 376 1281 typographiae
390 1202 522 1263 macenti
535 1202 707 1280 equalibus,
722 1203 852 1282 alliaque,
866 1203 966 1283 paullo
978 1200 1096 1282 quidem
1109 1200 1166 1260 illis
1174 1200 1273 1277 junio·

168 1294 261 1365 ribus,
274 1293 420 1355 hactenus
433 1304 530 1355 tameo
543 1293 643 1372 magni
661 1294 817 1367 faciendis,
838 1294 919 1375 quod
935 1293 1083 1374 margines
1098 1312 1200 1353 earum
1219 1311 1273 1353 seu

166 1386 328 1447 sodames
339 1386 500 1447 lectionum
511 1406 529 1447 e
541 1386 759 1449 bomissima·
771 1388 853 1449 libris
866 1388 1040 1467 exscriptas,
1051 1404 1104 1447 seu
1117 1386 1273 1447 doctorem

166 1478 300 1539 iliorum
313 1478 401 1539 scitas
413 1477 632 1541 memmius
649 1480 826 1559 praeferente
850 1491 885 1539 ut
896 1490 993 1541 cortus
1005 1478 1059 1539 sim
1072 1476 1163 1539 hodie
1174 1496 1274 1557 soper-

169 1588 243 1630 .esse
256 1569 395 1649 prirabrin
412 1570 568 1643 neminem,
581 1570 628 1631 cui
647 1570 706 1630 sint
718 1571 884 1647 hujumodi
897 1571 989 1651 copie
1009 1590 1077 1631 cuin
1091 1582 1205 1631 tuarum
1218 1589 1273 1631 seu

173 1676 308 1732 numero,
323 1680 374 1722 seu
389 1661 568 1723 excellentia
585 1672 674 1741 atque
689 1662 808 1723 raritate
825 1662 1041 1742 comparante.
1081 1664 1163 1729 Quos
1176 1674 1209 1723 tu
1222 1682 1272 1723 co·

167 1753 236 1833 ‚pias
249 1774 310 1815 non
323 1754 439 1834 sepelis,
453 1774 512 1815 non
526 1754 605 1815 domi
618 1754 727 1835 premia
747 1754 870 1828 invidus,
888 1755 944 1817 sed
961 1754 1075 1834 roganti
1096 1755 1209 1834 cuique,
1222 1754 1274 1835 qui
1336 1742 1340 1753 ⁵

173 1846 250 1906 hene
263 1846 445 1927 honesteque
460 1846 494 1909 iis
508 1864 615 1907 usurus
624 1866 690 1909 esse
703 1846 848 1922 rideatur,
861 1847 1010 1928 impertio·
1033 1848 1165 1927 Legetur
1177 1847 1209 1907 iii
1220 1868 1274 1909 an-

172 1938 288 1999 nalibus
302 1939 461 1999 litterarum
476 1950 508 2001 et
526 1940 645 2001 tolletur
656 1960 767 2001 nomen
780 1941 1012 2022 tunm-piisque
1028 1960 1084 2021 pro
1102 1940 1197 2001 salute
1209 1952 1272 2013 tua,

175 2031 272 2093 donec
285 2031 439 2111 supereris,
454 2032 649 2097 cumulabitur
662 2034 746 2107 rotis,
766 2045 797 2095 et
814 2035 847 2095 in
866 2034 955 2095 saniei
974 2033 1171 2115 perpetuitate
1184 2034 1274 2107 viret,

168 2122 289 2203 quoties
299 2124 406 2203 egenis
417 2124 473 2185 tuis
482 2126 655 2205 praeclarum
665 2128 738 2207 qnid
747 2128 926 2208 proferetur,
936 2140 971 2189 ut
981 2148 1077 2209 nuper
1085 2128 1274 2209 fecitaempi·

174 2225 268 2277 terum
280 2216 323 2277 rir
335 2216 495 2289 memorio,
502 2218 612 2289 amicus
625 2230 734 2293 noster,
748 2222 780 2281 in
793 2222 947 2283 Herodoto
958 2242 1023 2294 suo,
1037 2223 1145 2283 Petrus
1155 2222 1276 2283 Wesse·

172 2308 291 2387 lingius.
333 2308 515 2371 Laudiorum
524 2326 610 2389 quam
625 2312 753 2387 celebre,
767 2334 855 2395 quam
868 2334 996 2395 perenne
1008 2315 1047 2375 ait
1059 2332 1177 2386 nomeu,
1190 2314 1276 2375 Pem-

173 2400 352 2474 biokiorum,
368 2402 576 2483 Boueyorum,
598 2403 802 2479 Seldenmnm,
817 2408 1030 2480 Cononiornm
1045 2408 1275 2481 bernardorum,

171 2512 248 2572 quos
260 2494 393 2567 imitaris,
406 2515 527 2577 ecquem
548 2498 625 2579 sugit
636 2496 647 2561 l
671 2498 767 2561 Verus
778 2499 828 2561 bic
841 2512 888 2561 eat
900 2510 932 2561 et
943 2520 1028 2581 paene
1040 2501 1121 2562 solua
1132 2499 1275 2577 ejuamodi

176 2604 265 2665 opum
280 2606 350 2649 usur
364 2600 395 2649 et
407 2589 531 2663 fructus,
546 2610 613 2651 cum
627 2603 815 2653 monumenta
827 2604 896 2653 sunt
909 2591 947 2653 de
959 2593 1066 2655 riitute
1079 2593 1274 2665 dominorum,

173 2676 215 2742 de
228 2679 381 2757 sapientia,
392 2693 423 2743 et
435 2682 587 2755 industria,
603 2697 634 2747 et
647 2685 841 2759 officiositate,
854 2697 886 2765 et
898 2688 1020 2749 cantate
1033 2688 1191 2767 patrioe,·et
1203 2706 1276 2749 cura

176 2772 336 2833 nonatantis
351 2774 452 2853 gloriae
466 2788 497 2837 et
515 2779 694 2857 providentia
713 2779 902 2861 posteritatis,
915 2780 1056 2842 testamia
1067 2780 1172 2859 magis,
1183 2800 1275 2860 quarn

176 2864 216 2935 de
228 2865 373 2937 fomanus
400 2886 468 2929 cum
479 2869 586 2932 horrea
598 2882 665 2933 sunt
679 2884 710 2931 et
727 2872 852 2933 ernstio
864 2874 951 2934 bonor
964 2873 1079 2944 mentis,
1098 2892 1166 2933 cum
1179 2873 1276 2933 iontoe

148 3004 151 3009 .
173 2958 295 3035 publici,
316 2978 375 3021 non
389 2964 510 3026 materia
523 2965 627 3025 otiosae
645 2976 677 3026 et
696 2964 798 3025 inertis
811 2965 974 3041 jactantie,
987 2984 1048 3027 non
1060 2964 1137 3025 stela
1148 2964 1276 3037 infamis,

159 3048 322 3145 ⁸iiuin'tiurii
335 3052 469 3129 dominis,
483 3066 515 3117 et
526 3058 694 3130 vamtatem,
708 3068 740 3119 et
752 3057 951 3130 inridentium,
966 3068 998 3117 et
1007 3056 1233 3119 illiberalitatem
1245 3067 1278 3119 et

177 3145 522 3227 lpooolorerprobransi
535 3170 594 3211 non
603 3162 733 3231 paratum
741 3151 886 3211 vermibus
895 3162 985 3231 atque
993 3150 1121 3211 muribus
1127 3150 1275 3231 pabulum,

177 3254 237 3295 non
257 3238 360 3316 praeda
372 3242 535 3314 vetustatis,
548 3245 629 3303 ultro
650 3262 710 3317 eas,
731 3243 845 3305 etiamsi
864 3244 931 3305 talio
946 3244 1149 3322 eladea.alque
1161 3243 1276 3323 injurie

177 3327 281 3401 absint,
296 3333 482 3395 temenlento
496 3336 644 3416 tacitoque
658 3336 749 3399 dente
762 3336 938 3415 neptem
952 3335 1044 3397 Male
1058 3337 1191 3415 profecto
1204 3354 1277 3399 vera

177 3440 239 3483 sure
252 3424 356 3501 glorie
368 3438 516 3494 momenta
535 3438 652 3501 tenent,¹
667 3430 744 3489 rnale
763 3427 968 3491 existimationi
985 3429 1230 3502 suoe‘consulout,
1250 3428 1277 3491 si

179 3516 229 3595 qui
242 3518 412 3597 petentibus
425 3522 596 3583 chartaoem
613 3540 682 3584 suos
699 3524 851 3585 thesauros
871 3521 1039 3593 occludunt,
1056 3523 1137 3583 brevi
1158 3535 1224 3602 post
1237 3526 1277 3584 ab

179 3606 241 3688 ipsa
251 3622 398 3673 vetustate
412 3612 590 3694 dilapsurosr
611 3636 678 3696 queo
691 3626 830 3688 vetustae,
844 3614 900 3676 nisi
911 3615 1057 3677 continuis
1069 3616 1225 3677 doctorum
1233 3616 1277 3677 ri·

181 3720 278 3763 iorum
293 3704 423 3767 manibus
437 3707 618 3787 detergamr,
632 3706 813 3788 assiduisque
830 3707 985 3767 multorum
1002 3707 1278 3769 rimantiumetex·

180 3796 372 3857 scribentium
382 3800 486 3861 studiis
496 3799 657 3861 identidem
665 3812 856 3880 regeneretur
866 3800 960 3880 quasi,
968 3800 1185 3879 ministerioque
1193 3812 1280 3881 typo-

182 3905 246 3947 rum
259 3888 299 3949 ed
313 3891 504 3953 remotissima
512 3894 623 3965 secde,
632 3893 725 3954 nitida
736 3912 851 3973 semper
862 3905 894 3954 et
905 3891 1019 3953 recenti
1029 3894 1136 3953 florens
1145 3896 1280 3973 juventa,

182 3994 370 4061 propagetur,
384 4004 451 4045 cum
464 3987 529 4067 ipsa
540 3998 635 4049 semet
646 3987 783 4060 absumi,
791 3998 879 4067 atque
891 3987 924 4049 in
935 3989 1049 4050 cineres
1062 3988 1209 4061 dilabitur,
1216 4000 1281 4050 tum

182 4074 305 4151 gloriam
325 4076 821 4160 pmuoorumconltiommatque
840 4098 1038 4160 pomeriorum
1061 4100 1160 4143 secam
1180 4081 1280 4143 trahit.

181 4164 337 4227 Miuarum
351 4190 436 4249 paene
449 4172 542 4231 ausim
557 4173 711 4235 Alastoras
723 4173 866 4249 mmmodi
878 4173 1027 4253 appellare
1040 4174 1213 4254 pestilenter
1225 4174 1280 4233 ho-

182 4258 285 4331 minu,
300 4260 461 4329 litterarum
474 4265 570 4327 lucem
584 4266 817 4345 exsn'ngoeutaa.
837 4267 1054 4347 cajinmodiin
1068 4277 1165 4346 pestes
1175 4277 1212 4324 ut
1223 4265 1281 4325 ite·

183 4370 246 4411 nim
259 4362 348 4433 atque
361 4356 467 4416 iterum
480 4356 598 4437 impegi,
606 4358 648 4417 ita
656 4376 762 4419 ruraus
767 4360 811 4419 de
824 4359 941 4421 edendo
955 4360 1156 4422 Demosthene
1169 4356 1280 4417 delibe-

180 4457 299 4509 mutem
311 4466 377 4509 mea
392 4469 439 4511 ine
447 4446 581 4513 sscmdii
590 4450 893 4535 iorninspnuceribus
902 4452 1082 4533 Augusteum
1095 4451 1168 4532 reip.
1183 4449 1281 4515 Ostie-
