2984 4917
522 271 585 336 an
607 270 960 334 nauosaususu.
1172 233 1289 335 aava

185 427 255 489 n‘in
268 433 392 508 puteum
402 424 551 506 abjicient.
591 429 769 509 Quanquam
780 427 823 488 dd
835 427 894 487 hoc
905 425 1108 507 fflemopus
1119 429 1220 489 meum
1233 429 1286 490 de'·

184 520 401 582 menime
411 520 463 600 qui
476 521 641 602 symbolam
654 522 819 593 conferunt,
833 539 957 599 eamque
976 540 1038 580 non
1058 529 1218 595 enormem,
1232 541 1287 602 pes

183 615 314 676 mium
327 624 435 694 partes,
449 615 604 696 peourriarn
617 615 648 676 hi
663 633 746 678 suasa
760 633 821 676 non
833 611 983 694 perditum
999 615 1084 692 unt,
1104 614 1161 674 sed
1178 629 1287 694 magne

184 727 252 768 oum
261 707 377 768 foenore
385 709 475 788 poulo
486 720 555 788 post
563 720 779 790 recuperatum.
812 707 1286 787 qunemnonplanepauperem

184 812 288 880 gravet
307 800 441 880 impensa
453 801 568 879 pistolae
583 803 710 862 dimidies
726 803 821 882 (cujus
834 799 915 859 valor
929 797 1069 859 ducatum
1088 800 1287 861 hollandicum

181 893 313 953 nondum
326 893 437 973 aequat)
450 893 481 953 in
495 895 632 955 volumen
645 913 784 974 grecum,
798 891 964 970 upmmodi
981 892 1039 952 hoo
1052 905 1108 966 at,
1128 896 1187 954 ee'i
1207 914 1288 956 men·

184 987 266 1048 sibus
280 998 350 1047 ante
365 999 497 1066 erogata,
514 991 597 1066 cujus
611 989 787 1068 aequivalens
801 985 893 1069 paulo
904 995 973 1065 post
984 987 1023 1046 eit
1041 985 1288 1067 recuperaturus?
1400 1050 1403 1059 ,

184 1079 253 1159 Ego
266 1079 394 1159 quidem,
405 1080 455 1159 qui
469 1081 589 1159 publica
602 1079 759 1140 commoda
767 1077 844 1138 'meis
854 1079 975 1158 privatis
988 1095 1105 1158 semper
1117 1079 1286 1152 entehebui,

184 1190 245 1233 non
267 1191 320 1252 spe
341 1172 504 1232 divitiaru'm
520 1174 745 1255 quaerendarum
764 1173 822 1233 boc
840 1191 917 1252 opus
930 1172 1064 1251 snscepi3
1085 1191 1152 1252 quse
1164 1171 1209 1232 his
1222 1192 1288 1253 pro·

183 1265 264 1325 fecto
289 1263 398 1325 artibus
419 1285 476 1324 non
496 1275 683 1346 queruntnrr
704 1265 842 1325 abliorret
866 1283 984 1346 qunque
1000 1263 1116 1324 animae
1135 1263 1174 1324 ab
1196 1264 1288 1347 impo-

183 1368 287 1427 sturae
308 1357 420 1418 etiamsi
434 1359 520 1420 velim
541 1359 613 1418 elios
628 1359 764 1438 decipere
779 1369 868 1436 atque
890 1376 1057 1436 emungere,
1070 1357 1201 1417 desertus
1221 1377 1286 1417 sum

182 1453 221 1512 ab
245 1450 369 1511 audacis
389 1462 419 1511 et
434 1451 627 1532 impudentia,
643 1462 674 1512 et
687 1451 859 1511 ealliditate.
899 1450 1055 1529 logeniem
1068 1449 1140 1510 rnihi
1155 1451 1193 1510 ad
1207 1449 1287 1510 srou·

183 1543 237 1604 des
251 1541 416 1620 hujusmodi
431 1556 476 1603 est
489 1544 599 1604 tardius
613 1555 701 1624 etque
714 1543 869 1623 stupidius,
878 1554 910 1602 et
923 1543 1052 1602 timidius
1066 1543 1164 1602 etiam.
1208 1543 1285 1604 Satis

183 1635 310 1708 habebo,
326 1635 350 1695 si
364 1646 489 1706 sumtus,
504 1657 577 1716 quos
596 1637 626 1696 in
647 1637 703 1697 hoc
722 1646 845 1708 tantum,
867 1624 914 1694 tot
931 1635 1078 1694 volumina
1097 1633 1285 1715 impleturum

182 1747 257 1808 opus
271 1729 401 1807 erogabo
419 1730 596 1796 necessario,
618 1747 841 1809 recuperavero.
885 1727 1119 1788 lucubrationes
1133 1747 1151 1788 a
1164 1747 1212 1788 me
1225 1728 1285 1789 hoc

183 1819 214 1879 in
234 1840 306 1900 opus
328 1837 382 1901 per
403 1831 448 1881 tot
467 1841 558 1882 annos
578 1821 724 1902 impensas
745 1839 829 1881 acres
842 1832 875 1880 et
893 1819 1024 1880 assiduas
1037 1819 1207 1900 reipublice
1220 1819 1287 1880 lite·

183 1912 267 1972 rarioe
287 1913 391 1972 lubens
412 1924 442 1972 et
455 1913 542 1973 letus
556 1915 740 1975 condonabo.
782 1913 919 1992 Denique
940 1931 1030 1973 cama
1051 1912 1133 1972 nulla
1155 1923 1212 1984 est,
1232 1932 1286 1973 eur

182 2015 315 2070 metuant
323 2003 514 2077 redemtores,
526 1995 565 2066 ne
578 2006 683 2086 siquid
699 2007 817 2068 humani
830 2006 902 2066 mihi
914 2006 1074 2085 contingat,
1089 2025 1164 2086 opus
1172 2005 1287 2066 abrum-

183 2095 278 2178 patur.
314 2099 498 2176 Quamquam
513 2098 589 2158 enim
603 2099 632 2158 in
651 2099 715 2160 dies
734 2099 792 2158 alia
809 2099 900 2171 addo,
916 2099 973 2158 alie
986 2109 1122 2170 muto,ut
1132 2099 1197 2157 dies
1207 2097 1286 2157 dem

181 2191 283 2262 docet,
294 2187 336 2250 ita
349 2183 602 2270 tamen'plereque
616 2191 646 2250 in
658 2192 770 2251 mundo
784 2201 816 2250 et
829 2201 931 2271 parato
944 2201 1022 2264 sunt,
1036 2203 1080 2262 ut,
1096 2193 1121 2250 si
1134 2192 1181 2252 vel
1195 2191 1284 2251 hodie

182 2303 280 2345 meum
293 2303 342 2343 me
355 2281 447 2342 iatum
467 2283 600 2356 aufferat,
614 2295 709 2364 coepta
723 2295 821 2343 tameo
834 2283 893 2343 tela
903 2284 1065 2344 continuari
1079 2283 1179 2363 possit,
1190 2304 1283 2345 uxore

182 2397 241 2436 non
262 2395 393 2476 passura,
407 2385 460 2434 aut
474 2375 716 2462 existimationem
735 2394 835 2434 eneam
856 2375 956 2447 minui,
971 2387 1022 2434 aut
1037 2388 1181 2436 erutorum
1202 2395 1285 2455 spem

183 2473 255 2534 felli.
296 2470 503 2530 Praeterierant
525 2467 692 2530 octodecim
717 2488 832 2529 menses
853 2488 872 2528 a
891 2469 1044 2548 publicato
1066 2469 1116 2527 illo
1138 2488 1286 2549 program-

183 2577 271 2640 mate,
291 2566 329 2626 de
344 2585 403 2645 quo
417 2583 505 2644 supra
520 2565 549 2642 p.
564 2567 613 2625 22.
634 2563 782 2635 dicebam,
798 2583 897 2647 quum,
919 2563 1059 2642 incipiens
1077 2569 1139 2640 jam
1153 2563 1284 2622 debono

183 2679 321 2722 successu
333 2657 392 2718 mei
407 2669 530 2717 conatus
544 2658 712 2740 desperare,
725 2657 925 2725 decernerem,
938 2655 1113 2736 paueiaillis,
1125 2657 1175 2736 qui
1192 2675 1283 2740 pecu·

182 2755 260 2815 niam
272 2759 542 2834 praenumerassent,
559 2755 621 2824 (serr
640 2749 733 2810 ferme
754 2769 878 2809 numero
890 2749 987 2828 erant)
1007 2749 1163 2828 pecuniam
1175 2749 1282 2828 cuique

182 2867 264 2907 susm
278 2843 438 2906 remittere.
481 2843 542 2904 Sed
555 2843 721 2902 intercessit
735 2857 816 2912 uxor,
828 2860 895 2920 quse
908 2839 1024 2901 tametsi
1046 2851 1191 2911 comeret,
1206 2861 1283 2900 com·

183 2941 271 3000 moda
283 2937 372 3020 ipsius
390 2947 512 3020 suetam
527 2938 692 3017 periculoso
706 2946 738 2995 et
759 2933 877 3014 ancipiti
897 2944 992 3014 coepto
1010 2934 1111 3005 minui,
1133 2945 1184 2993 aut
1202 2945 1282 2993 certe

181 3033 211 3093 in
229 3031 385 3093 discrimen
406 3031 476 3104 dari,
498 3050 546 3091 me
566 3042 665 3112 mosen
685 3031 801 3090 hortata
822 3035 876 3100 est,
897 3039 940 3099 ut,
954 3028 1079 3087 conlisus
1093 3025 1141 3087 dei
1159 3027 1279 3098 auxilio,
1366 3035 1373 3044 ’

182 3127 230 3205 qni
244 3125 322 3186 invia
334 3124 527 3204 complanare,
542 3123 695 3202 dubiisque
709 3134 741 3183 et
754 3121 917 3202 desperatis
938 3122 1027 3181 rebus
1044 3121 1221 3200 insperatam
1234 3140 1281 3180 sa·

182 3219 272 3278 lutern
293 3217 396 3277 afferre
415 3229 524 3289 nosset,
539 3217 629 3276 fidem
643 3217 741 3276 datam
754 3214 910 3274 liberarem
923 3213 1026 3293 reique
1039 3213 1165 3293 publices
1178 3233 1217 3272 ne
1232 3213 1282 3273 de-

182 3332 286 3383 essem,
300 3321 331 3370 et
344 3309 458 3382 melius,
472 3330 560 3389 quam
580 3308 714 3379 solerem,
735 3307 971 3386 deliberelitate
988 3305 1074 3384 hujus
1095 3305 1196 3366 saeculi
1214 3325 1280 3386 spe·

181 3423 285 3464 rorem.
328 3403 379 3462 Ab
395 3422 430 3461 ea
444 3402 531 3482 igitur
545 3398 685 3481 impulsus
700 3412 730 3460 et
743 3411 891 3481 permotos
904 3419 966 3458 rem
977 3418 1074 3459 meam
1085 3399 1113 3457 in
1122 3399 1279 3459 discrimen

182 3497 252 3556 dare
276 3515 363 3555 ausus
378 3515 451 3566 snm,
467 3495 582 3554 chartas
596 3494 663 3566 emi,
679 3493 809 3553 conduxi
828 3492 1053 3573 typographum,
1073 3492 1280 3552 excudendum

181 3608 252 3668 opus
266 3585 344 3647 dedi.
387 3585 505 3646 Interim
519 3585 606 3665 paulo
630 3585 729 3665 plures
744 3597 833 3664 atque
847 3585 946 3665 plures
967 3576 1216 3664 presnumerantee
1229 3605 1279 3644 co·

180 3681 284 3739 ierunt.
325 3678 433 3738 Parum
447 3689 546 3737 tamen
557 3677 627 3758 quid
641 3691 687 3737 est
700 3697 740 3736 oes
754 3677 838 3737 abiis
852 3677 994 3737 collatum
1008 3677 1046 3736 ad
1062 3677 1102 3751 id,
1116 3677 1197 3755 quod
1210 3678 1281 3736 mihi

180 3772 217 3832 de
231 3771 347 3852 peculio
366 3791 433 3830 meo
447 3770 672 3850 dependendum
687 3771 750 3852 luit
759 3843 776 3852 ..
795 3771 836 3829 Et
848 3769 983 3849 profecto
1002 3769 1033 3828 ni
1048 3769 1144 3849 piures
1158 3769 1280 3830 numero

178 3865 361 3944 inposterum
379 3863 556 3934 coalescant,
582 3883 702 3923 necesse
723 3863 820 3923 habeo
840 3863 929 3922 telam
943 3863 1019 3923 hanc
1031 3863 1061 3922 in
1077 3864 1208 3942 seeundo
1222 3876 1281 3924 sta-

179 3961 231 4018 tim
245 3956 402 4026 volumine,
417 3967 605 4036 posteaquam
626 3967 720 4015 totum
735 3957 944 4016 Demosthenis
958 3965 1070 4016 textum
1086 3957 1215 4029 edidero,
1230 3959 1281 4018 ab·
1324 3982 1331 3990 ¹

179 4069 324 4130 rumpere.
366 4049 455 4114 Quod
469 4050 492 4108 si
506 4061 603 4109 tamen
617 4049 664 4110 vel
676 4061 790 4109 tanturn
804 4069 843 4108 ex
857 4050 943 4125 hujus
957 4050 1040 4129 primi
1054 4051 1208 4112 voluminis
1222 4053 1280 4112 dis-

179 4144 322 4203 tractione
336 4141 464 4213 redierit,
479 4141 558 4220 quod
572 4142 641 4200 satis
655 4142 691 4200 sit
704 4142 846 4200 sumtibus
860 4142 931 4202 inid
945 4141 1028 4203 factis
1043 4145 1279 4224 compensandis,

179 4237 303 4316 impiger
313 4247 343 4294 et
354 4233 412 4294 dco
422 4233 514 4293 fretus
528 4235 663 4306 stadium,
675 4235 756 4314 quod
766 4235 915 4314 ingressus
927 4256 1002 4307 sum,
1011 4237 1172 4306 decurram,
1182 4239 1281 4316 quoad

177 4329 238 4387 vita
255 4327 387 4406 viresque
409 4337 589 4406 supererunt.
641 4327 810 4386 Secundum
832 4329 970 4387 volumen
993 4340 1074 4387 certo
1096 4329 1203 4388 certius
1223 4333 1278 4388 sub

178 4419 267 4480 finem
279 4419 459 4499 Septembris
473 4419 557 4497 hujus
571 4419 638 4480 anni
654 4421 741 4485 1770.
757 4421 896 4499 prodibit.
939 4419 1045 4480 Extcri
1064 4421 1090 4479 si
1108 4439 1204 4480 meum
1225 4425 1280 4483 sibi

221 4541 299 4588 vob.
315 4543 339 4588 1.
744 4529 764 4584 2
785 4545 800 4582 e
