2984 4917
498 295 558 356 st>
580 295 928 358 nemostttettsnt.
1162 289 1264 356 cxcvii

163 450 308 512 riantiam.
351 449 469 530 Siquid
489 463 586 512 auten
601 451 640 514 tle
660 471 726 512 meo
739 469 827 512 semu
843 447 1011 512 es-orbttrto
1030 446 1139 510 mutavi
1159 449 1198 508 sle
1215 469 1266 508 ve·

164 554 242 604 tusto
256 542 394 615 lectione,
413 544 446 602 id
463 544 565 606 sedulo
586 544 722 616 indicavi,
736 543 876 604 addendo
894 545 927 602 rie
939 563 999 602 mes
1010 543 1155 612 umentia,
1168 551 1218 601 eut
1231 545 1265 602 de

162 657 222 694 ereo
235 657 325 708 senso,
339 646 391 696 aut
404 637 520 698 arbitrio
533 657 599 708 meo,
613 648 664 699 aut
676 646 772 714 sponte
783 656 853 708 raes,
866 647 918 695 not
930 633 1022 694 simile
1035 633 1116 712 quid.
1148 633 1186 694 ln
1199 635 1265 713 ipso

167 738 250 788 testo
263 727 407 804 ejusmodi
416 728 489 790 locis
503 729 541 790 sle
554 749 622 790 meo
632 728 753 790 arbitrio
765 727 882 788 mutatis
891 726 967 790 allisi
980 727 1135 797 stellulsm,
1144 746 1212 806 ques
1220 726 1265 786 in·

161 821 270 882 sistere
290 821 438 902 paulisper
451 832 482 881 et
494 821 666 882 nddubitsre
679 822 833 892 lectorem,
846 832 878 880 et
891 837 1025 899 quaerere
1038 819 1154 894 jubent,
1168 829 1199 878 et
1212 839 1267 878 ex·

166 923 314 994 spectare,
333 915 431 974 donee
450 914 592 994 prodierit
615 925 715 976 noster
733 913 1015 975 animadversionum
1033 912 1267 973 demostheniee-

168 1023 231 1068 ram
253 1005 339 1078 liber,
353 1007 519 1085 priusquam
534 1007 646 1082 judicio
664 1026 718 1068 suo
740 1026 789 1068 me
809 1005 967 1068 confodiat.
1008 1004 1100 1065 Haud
1119 1024 1166 1064 me
1188 1005 1266 1086 fugit

168 1117 275 1177 magna
287 1117 336 1158 me
349 1098 482 1160 laborare
495 1099 611 1170 invidis,
625 1112 713 1180 atque
726 1098 846 1160 infamia
855 1098 933 1168 ideo,
946 1097 1026 1176 quod
1038 1109 1172 1156 auctores
1184 1109 1266 1158 vete·

161 1209 215 1250 res
229 1191 409 1269 conjecturis
423 1191 504 1263 meis,
520 1201 553 1250 ut
566 1191 703 1263 clamant,
717 1191 921 1252 contaminem.
963 1188 1054 1249 Haud
1072 1189 1211 1268 equidem
1221 1190 1267 1250 in·

164 1283 293 1354 fie'abon
305 1283 369 1344 lieri
388 1283 551 1362 aliquando,
567 1294 599 1342 ut
613 1284 831 1364 importunitate
844 1281 970 1363 quadem
989 1300 1056 1342 mee
1068 1281 1142 1340 lnbis
1153 1281 1266 1360 aliquid

168 1377 290 1438 vetustis
310 1376 480 1438 auctoribus
497 1377 683 1456 adspergsm.
723 1377 896 1436 Humanum
918 1375 977 1434 hoc
998 1384 1053 1434 est.
1094 1374 1207 1455 Negoti
1226 1385 1269 1437 ta·

169 1487 238 1528 men
248 1487 348 1530 rursus
361 1468 471 1547 nequit,
486 1469 582 1547 tingat
591 1469 661 1529 licet
672 1479 705 1528 et
714 1479 864 1548 rumpetur
875 1467 994 1538 invidia,
1003 1485 1052 1526 me
1065 1463 1268 1548 multoplures

167 1561 250 1622 locos
271 1561 439 1640 gravissime
458 1559 580 1622 effectos
601 1571 632 1622 et
646 1561 818 1640 desperatos
835 1559 866 1618 in
882 1559 1031 1630 Petronio,
1052 1559 1084 1618 in
1097 1559 1266 1632 l'beocrito,

165 1653 299 1733 aliisque,
316 1654 341 1714 si
355 1671 429 1732 qnos
442 1652 531 1725 edidi,
546 1653 605 1732 (qui
619 1652 706 1733 pauci
723 1651 804 1722 sunt)
817 1670 936 1712 senene
949 1650 1085 1712 feliciter.
1126 1652 1195 1712 Nou
1209 1652 1269 1733 pri·

169 1765 232 1806 mus
242 1762 301 1825 ego
314 1746 372 1806 edo
385 1754 531 1818 suctores,
544 1746 598 1808 sed
612 1757 680 1825 pont
692 1745 800 1806 multos
817 1744 899 1816 elios,
916 1764 934 1802 c
952 1763 1074 1822 quorum
1087 1745 1264 1806 editionibus

168 1849 283 1901 uetusta
296 1839 386 1900 lectio
400 1839 528 1900 revocari
542 1848 647 1918 potest,
668 1857 720 1918 per
740 1857 789 1898 me
807 1837 888 1913 licet,
900 1837 939 1896 eb
958 1835 1130 1896 imecotnris
1148 1837 1267 1898 editori·

170 1932 235 2003 bus,
247 1931 272 1990 si
285 1931 389 2009 quibus
402 1931 567 1992 lectiones
578 1931 753 2011 displicebit.
780 1928 956 2008 Ubicumque
965 1927 1080 1988 lacinus
1089 1929 1148 1988 hoe
1157 1929 1265 2001 audeo,

171 2023 258 2083 toties
278 2022 342 2102 ipse
362 2043 419 2102 ego
433 2021 464 2082 id
482 2043 606 2093 moneo;
627 2042 686 2083 non
699 2022 811 2092 furtim,
828 2041 888 2081 non
908 2021 994 2092 clam,
1015 2039 1075 2080 non
1096 2021 1187 2082 tecite
1207 2042 1268 2082 sera

170 2133 236 2176 mea
250 2133 323 2175 euro
336 2125 453 2174 vetusto
466 2115 620 2186 substituo,
634 2125 666 2176 ut
684 2115 860 2195 Stephanus,
873 2125 907 2173 ut
919 2113 1033 2186 Woli*
1046 2125 1080 2174 ut
1097 2114 1164 2174 Itali
1177 2114 1265 2193 longe

171 2206 285 2286 plurimi
298 2205 444 2277 fecerunt,
457 2219 490 2266 ut
501 2205 663 2276 Bentleius,
675 2217 708 2266 ut
722 2208 876 2276 editorum,
887 2207 936 2285 qui
945 2206 1033 2266 hodie
1043 2216 1157 2267 veteres
1167 2219 1268 2268 aucto·

171 2317 219 2358 res
232 2298 389 2368 recedunt,
404 2317 489 2377 pene
502 2299 598 2358 nullus
611 2318 689 2369 non;
707 2318 790 2376 quos,
802 2297 828 2358 si
842 2317 890 2357 me
902 2298 961 2359 hoe
974 2298 1095 2359 crimine
1109 2301 1266 2380 urgebunt,
1360 2321 1364 2330 ·

173 2409 237 2451 reos
250 2389 381 2464 eiusdem
394 2401 498 2452 contra
511 2411 613 2468 egem3
635 2391 687 2451 sed
702 2391 852 2462 Petronio,
865 2390 918 2450 sed
938 2391 1106 2462 Theocrito,
1124 2393 1177 2452 seri
1198 2393 1268 2453 huic

173 2483 227 2562 ipsi
242 2482 435 2544 Demostheni
446 2481 578 2542 tabularu
589 2483 688 2542 sddisli
702 2483 894 2543 mutationum
908 2499 975 2542 mea
983 2494 1086 2563 opunte
1098 2484 1267 2563 importata·

172 2595 274 2649 rum,e
288 2581 372 2652 eujus
384 2575 565 2654 inspectione
575 2577 672 2639 statim
684 2587 861 2656 sgnoscstur
872 2576 944 2655 quid
956 2596 975 2637 a
988 2597 1035 2636 me
1048 2577 1266 2656 sitptofectum,

172 2669 242 2746 quid
255 2689 273 2730 e
286 2668 377 2729 libris.
418 2667 545 2728 Periculi
566 2669 637 2728 nihil
655 2670 693 2729 eb
712 2670 769 2730 hee
781 2687 849 2728 mea
866 2670 980 2729 ratione
996 2669 1137 2731 imminet.
1178 2672 1267 2754 Saepe

172 2761 254 2822 rideo
267 2779 382 2822 mecum
395 2772 427 2822 et
439 2760 560 2822 miseret
576 2775 737 2822 nostrorum
758 2761 909 2832 hominum
927 2761 1089 2836 stultitiam,
1103 2755 1267 2843 quiveram

173 2873 289 2916 manum
305 2853 556 2934 Evangelistnrum
575 2865 605 2912 et
627 2854 848 2934 Apostolorum,
869 2870 968 2914 reram
982 2853 1080 2928 Tullii,
1093 2876 1192 2916 veram
1206 2859 1269 2917 De·

173 2946 342 3017 mantheum,
355 2964 453 3005 rernm
465 2946 625 3016 Plutarchi,
640 2965 738 3006 verum
751 2944 891 3017 Petronii,
901 2964 1000 3027 reram
1015 2946 1164 3008 Theocriti
1176 2969 1210 3010 se
1224 2962 1269 3010 te·

174 3059 243 3102 nere
257 3040 433 3111 existiment,
447 3059 515 3100 cum
529 3039 687 3100 editionem
708 3039 808 3110 Bere,
823 3039 976 3111 Gronovii,
990 3039 1100 3111 Wolfii,
1116 3041 1268 3122 Stqihsni,

174 3133 342 3204 Bemmari,
357 3132 471 3192 Heinui
485 3143 614 3204 teneant,
628 3131 888 3210 ignorantesquam
898 3133 990 3192 multa
1001 3132 1059 3194 sint
1069 3134 1172 3195 abillis
1180 3155 1267 3196 secus

173 3225 297 3304 prodite,
318 3235 408 3303 etque
429 3226 458 3284 iu
471 3227 593 3286 vetustis
614 3225 695 3285 libris
718 3225 843 3303 legemr,
865 3244 954 3304 quom
977 3227 1082 3287 multas
1105 3229 1208 3308 plagas
1226 3229 1269 3288 illi

173 3317 231 3377 suis
244 3317 412 3378 auctoribus
425 3317 621 3397 imposuerint.
647 3317 752 3379 Securi
763 3317 804 3377 illi
815 3317 995 3378 indormiunt
1005 3319 1178 3383 lectionibus
1191 3328 1267 3399 ejus·

173 3409 251 3468 modi
264 3409 344 3468 falsis
357 3420 389 3468 et
403 3410 613 3482 commentitiis,
626 3429 680 3489 pro
698 3410 735 3468 iis
749 3419 887 3488 tannem
906 3429 960 3488 pro
979 3410 1036 3470 aris
1049 3422 1080 3471 et
1095 3413 1169 3474 iocis
1183 3414 1267 3473 dimi-

173 3510 251 3571 cent,
261 3520 317 3580 pro
330 3501 456 3560 oraculis
470 3519 521 3562 ees
539 3502 649 3562 hebent
662 3501 777 3562 coelitus
791 3501 938 3573 domnam
947 3503 978 3560 in
996 3503 1031 3562 iis
1044 3503 1268 3585 interpretandis

172 3593 278 3653 misere
299 3611 331 3651 se
348 3605 505 3672 torquent;
526 3595 697 3674 sanguinem
710 3595 806 3666 eitius,
820 3613 908 3672 quem
921 3614 971 3655 eas
984 3596 1136 3671 lectiones,
1149 3599 1267 3662 dimise·

171 3684 247 3756 rintr
266 3684 431 3746 nesciemes
444 3686 508 3746 illes
529 3705 546 3746 e
560 3688 683 3748 cerebro
697 3686 791 3746 critici
806 3687 928 3763 alicujus
944 3686 1027 3761 furis,
1041 3701 1092 3749 snt
1104 3691 1267 3770 impostoris

172 3785 254 3838 netes
268 3797 345 3838 esse.
385 3777 570 3858 Inspicerent
583 3779 670 3840 modo
680 3790 811 3840 vetustos
824 3778 944 3839 codices
960 3793 1051 3842 mstos
1064 3782 1266 3863 impressosre,

170 3870 304 3932 viderent
313 3889 398 3930 suum
410 3889 549 3941 errorem,
565 3871 699 3932 viderent
708 3871 766 3932 sibi
775 3872 814 3930 ab
822 3871 920 3950 aliquo
933 3874 1087 3953 typotheto
1102 3876 1266 3950 aberrante,

171 3975 223 4024 sut
232 3961 332 4042 aliquo
344 3964 597 4042 grammaucmtro
609 3962 772 4044 ineptiente
783 3976 835 4024 sut
841 3963 963 4043 «cerrito,
977 3977 1029 4026 sut
1045 3968 1084 4028 eb
1096 3968 1194 4051 elique
1208 3973 1268 4032 cal·

203 4209 218 4240 ⁹
237 4207 320 4265 Dirces,
330 4225 395 4272 qinon
407 4209 483 4256 misere
497 4207 562 4274 Wolf
572 4218 640 4258 totum
657 4213 777 4261 orationem
792 4210 827 4277 (iu
838 4210 1096 4279 Nessrsmfflsestorit.
1111 4212 1266 4279 (conjecturis
1381 4253 1386 4263 .

171 4302 253 4348 nempe
265 4286 313 4334 suis
324 4285 347 4332 in
360 4289 450 4333 testum
463 4285 627 4350 immittentis)
637 4289 758 4337 Tarson.
769 4289 799 4336 atl
809 4305 834 4351 p.
844 4292 902 4345 ⁷33,
912 4291 951 4338 35.
983 4291 1016 4338 Et
1026 4291 1176 4338 nihilominus
1189 4299 1266 4339 tanen

171 4371 260 4412 testum
278 4367 346 4412 nen.
359 4363 498 4412 wottmun
509 4365 577 4411 otiam
590 4363 734 4428 principibus
745 4366 768 4412 in
778 4358 899 4415 litetstu'rs
909 4381 986 4428 greca
997 4367 1054 4414 viris
1065 4378 1136 4428 porus
1147 4375 1220 4431 putas
1229 4377 1267 4418 est

171 4441 351 4497 Demosthenes,
360 4439 436 4502 quella
444 4455 474 4487 ss
484 4440 560 4504 ipsius
570 4441 673 4490 auctoris
683 4455 750 4490 naon
761 4442 856 4507 prodiit.
888 4445 951 4492 llsss
961 4444 1092 4506 sapientia!
