2984 4917
205 260 246 311 ‘xe
399 260 404 275 “
636 237 664 335 ¹:
684 184 877 305 TAYLOllI

209 404 349 483 quinque.
383 400 527 463 codicem
540 398 642 460 illum
633 418 664 457 ιιι
674 396 775 459 Wolfii
788 414 873 455 usum
884 393 923 455 ad
935 382 1078 453 minorem
1093 390 1313 473 Herrtgiansm

205 495 378 577 diligenter
379 493 483 571 exegit
498 492 578 552 Simo
592 491 742 552 Fabricius
758 490 1046 568 Marcopibertanus,
1062 488 1202 549 Francus.
1238 488 1315 551 Vide

213 587 339 648 Hieron.
355 586 455 645 Wollii
469 584 570 663 literas
587 583 816 663 nuncupatorias
834 583 874 641 ad
889 582 1029 642 Senatum
1043 582 1229 671 Augustanus
1240 581 1315 663 reip.

213 679 307 752 datas,
309 678 443 759 literas
435 688 506 753 rtem
522 676 646 737 Simonis
666 676 803 748 Fabricii,
817 675 904 752 hujus
924 675 1036 737 codicis
1048 663 1227 736 variantibus¹
1238 696 1314 758 prta·

213 772 299 844 fixas,
321 790 409 851 supra
431 789 499 849 pag.
525 769 612 829 lxxiii
631 788 712 849 seqq
734 788 821 849 porro
841 778 949 841 autem,
970 768 1137 841 Reiectum,
1149 756 1315 829 lloescbe·

213 866 295 939 lium,
309 874 340 925 et
355 862 545 959 Ebingerum,
566 882 629 959 qur
608 862 669 923 de
689 860 894 923 bibliotheca'
885 861 969 921 rstius
982 859 1105 921 civitatis
1126 860 1315 922 commentati

214 968 292 1019 sunt.

254 1137 338 1215 Iret]
360 1136 462 1199 Codex
476 1090 608 1209 italicus,
623 1148 713 1219 atque
726 1140 806 1200 haud
819 1140 891 1212 scio,
904 1158 1000 1199 annon
1013 1160 1052 1198 ex
1068 1135 1179 1199 ditione
1187 1140 1313 1209 Veneta,

214 1230 425 1305 cum-editione
448 1230 559 1289 Aldina
578 1242 771 1309 comparatus.
812 1233 862 1291 De
876 1250 936 1311 quo
949 1229 1019 1289 nihil
1032 1241 1178 1311 putatam
1191 1230 1316 1291 Franco·

212 1322 370 1395 furtenses,
382 1322 432 1401 qui
446 1322 582 1381 ridentur
595 1323 679 1402 primi
692 1320 870 1384 adhibuisse.

265 1500 394 1576 Vinus]
409 1499 513 1561 Codex
522 1500 741 1579 Augustissimtr
750 1498 986 1560 vindobonensis
994 1498 1200 1571 Bibliothecae,
1208 1498 1324 1561 Nesaee

218 1592 258 1653 lio
272 1591 492 1672 philosophicus
511 1611 626 1671 graecus
641 1592 708 1651 Par.
723 1591 780 1651 1v.
793 1592 833 1651 N.
848 1591 945 1652 Lxx.
965 1590 1167 1671 bombycinus,
1179 1602 1213 1651 et
1229 1593 1318 1652 boun

217 1698 306 1754 notre,
320 1685 350 1743 in
365 1684 445 1755 folio,
459 1696 597 1743 constans
617 1684 694 1743 soliis
716 1684 851 1744 ducentis
865 1684 984 1761 triginta
996 1704 1110 1743 norem.
1151 1684 1243 1744 Liber
1254 1684 1317 1757 ille,

218 1778 269 1859 qui
283 1777 420 1857 plurimas
434 1777 582 1837 orationes
596 1776 813 1855 complectitur,
827 1777 949 1837 dirersae
961 1788 1008 1835 est
1021 1776 1135 1839 aetatis:
1159 1777 1237 1837 Nam
1250 1790 1321 1858 post

219 1872 379 1931 orationem
394 1869 432 1929 de
445 1868 630 1929 Rhodiorum
643 1868 781 1929 libertate
791 1869 895 1951 incipit
904 1868 1093 1949 perantiquus
1102 1869 1255 1930 character
1268 1872 1322 1933 de-

218 1963 286 2039 cimi
301 1960 420 2023 circiter
434 1959 535 2033 seculi,
546 1981 605 2041 quo
621 1971 738 2035 creterra
748 1961 887 2041 deinceps
898 1960 1044 2027 orationes
1057 1962 1115 2021 hoc
1126 1962 1229 2023 codice
1238 1982 1319 2023 com·

216 2057 370 2136 prehensa
384 2064 550 2113 exarantur.
585 2052 677 2113 Hunc
691 2054 787 2132 gratia
799 2066 830 2115 et
843 2055 1013 2130 interventu
1026 2054 1204 2127 Nobilissimi
1219 2054 1319 2116 Couu‘.

219 2149 258 2207 tis
273 2146 546 2216 Grauvrsn11,in
566 2164 650 2203 usum
664 2166 762 2205 meum
777 2148 991 2207 accuratissime
1005 2146 1129 2207 contulit
1145 2147 1322 2211 Dominicus

217 2238 386 2301 Bricberius
400 2237 560 2299 Columbus
574 2236 599 2296 1.
615 2237 648 2301 1².
664 2238 808 2301 Patricius
821 2240 1004 2301 Ficariensis.

262 2430 379 2507 Beroe]
400 2430 506 2490 Codex
521 2430 628 2491 llaroc.
642 2428 732 2491 Num.
744 2386 890 2492 LXXIlI.
903 2430 1042 2494 tredecim
1052 2432 1166 2493 circiter
1174 2434 1322 2495 orationes

222 2524 376 2588 continens
387 2543 453 2583 cum
468 2522 592 2603 epistola
606 2524 708 2603 prima.
737 2525 876 2586 Scribitur
888 2526 919 2584 in
934 2524 1035 2587 charta
1047 2526 1230 2607 bombycina,
1242 2525 1322 2587 toliis

224 2615 360 2682 ducentis
371 2613 524 2693 aomginta
537 2616 662 2717 duobus,
674 2617 813 2704 atquead
823 2617 955 2681 seculum
968 2618 1031 2681 fere
1045 2618 1192 2690 dequm
1205 2620 1324 2685 tertium

224 2718 275 2770 tut
287 2718 422 2786 quartum
436 2718 572 2787 assurgrt,

265 2902 466 2983 Lindenbrog.]
490 2904 594 2966 Codex
608 2904 745 2986 optimus,
756 2907 810 2967 sed
824 2907 944 2967 incertae
956 2906 1158 2986 patrimcujns
1167 2900 1325 2968 radetur·

224 2998 369 3076 decerpsit
393 2997 480 3056 Fred.
503 2996 750 3077 Lindenbrogius‚
775 3010 862 3077 atque
883 2998 987 3058 sedulo
1010 2998 1049 3058 ad
1073 3016 1154 3058 oram
1173 2998 1325 3059 adnotavit

223 3088 390 3169 posterioris
412 3088 619 3167 Hervagianoe,
640 3090 671 3147 in
691 3090 870 3150 bibilotbeca
886 3089 959 3169 reip.
980 3089 1213 3169 Hamburgensis
1227 3090 1327 3151 adsar-

223 3192 309 3240 vatae.
351 3180 562 3259 Apograpbum
577 3180 655 3241 istud
669 3182 765 3242 debeo
785 3182 955 3241 humanitati
968 3182 995 3242 1·.
1010 3183 1167 3245 Christiani
1181 3183 1279 3243 Wolfii
1294 3185 1325 3243 in

224 3291 263 3333 ea
274 3273 346 3332 urbe
360 3272 536 3332 Professoris
550 3273 741 3342 celeberrimi,
757 3275 809 3355 qui
826 3274 856 3333 in
875 3295 930 3353 me
938 3276 1140 3336 immerentem
1151 3276 1236 3356 plura
1248 3277 1327 3337 ultro

225 3364 334 3426 indicia
354 3363 441 3423 animi
461 3364 596 3424 benevoli
617 3366 750 3426 contulit.
791 3367 898 3446 Neque
916 3368 1152 3446 praetereundum
1171 3379 1227 3439 est,
1245 3368 1327 3448 quod

226 3457 393 3537 nuperrime
406 3456 486 3515 aliud
505 3457 636 3517 similiter
652 3458 852 3538 apographum
875 3458 1005 3535 ejusdem
1019 3459 1128 3520 codicis
1149 3460 1188 3520 ad
1201 3460 1328 3521 eandem

225 3552 335 3632 pariter
345 3550 506 3609 editionem
518 3549 689 3610 adnotatum
702 3551 907 3613 humanissime
918 3553 958 3612 ad
968 3571 1015 3611 rue
1024 3551 1183 3613 transmisit
1192 3553 1244 3611 Vir
1252 3574 1329 3633 prte-

227 3640 419 3703 stantissimus
434 3638 575 3701 Kenueth
589 3640 766 3703 Machenaie
779 3642 856 3703 luris
875 3643 1030 3703 Coesarer
1022 3664 1052 3702 m
1071 3643 1223 3705 muenia
1237 3644 1329 3704 Edin·

227 3732 366 3812 burgensr
375 3732 547 3793 Professor
563 3734 794 3812 Cujusstudrum
802 3735 1140 3798 etbenerolentrambae
1147 3736 1331 3815 gntaanrmr

226 3846 286 3886 mer
278 3824 510 3905 significatione
525 3844 624 3886 carere
638 3826 729 3887 nolui.

272 4016 359 4099 Vra]
385 4018 498 4093 Codex,
513 4030 547 4081 ut
562 4031 696 4081 constare
710 4040 797 4101 posse
811 4018 944 4094 arbitror,
959 4020 1058 4081 Sancti
1075 4020 1172 4080 Marci
1186 4019 1332 4081 Veneriis.

229 4110 384 4173 variantes
405 4114 524 4193 excepit
538 4110 591 4173 Vir
609 4112 761 4175 industriae
777 4124 809 4173 et
825 4112 897 4173 fidei
916 4132 1037 4172 summae
1056 4112 1163 4172 Petrus
1187 4111 1330 4186 Pitluaus,

229 4203 337 4283 cujus
329 4223 359 4263 ιιι
373 4223 466 4285 remp.
478 4206 632 4266 literarism
643 4207 745 4279 merita
757 4205 917 4267 declarabit
926 4206 981 4267 tihi
993 4204 1135 4267 Thuauus
1146 4206 1329 4268 Historicus:

228 4296 277 4355 Ex
290 4296 397 4360 Aldiuo
412 4298 616 4379 exemplatim
629 4298 807 4362 bibliotheca
824 4297 985 4361 bodleiana
999 4298 1140 4373 .010nitr,
1155 4299 1204 4361 etri
1225 4320 1262 4361 ea
1273 4298 1330 4417 etl·

228 4386 340 4451 lauerat
354 4389 495 4465 Piraeus,
965 4446 968 4452 ,
