2984 4917
499 311 560 372 AD
582 307 933 372 Democritum.

510 688 513 696 ’
541 675 686 744 ¹SEDT.
710 673 865 744 XXIX.

532 854 579 912 De
605 853 722 916 cciiiionc
743 853 885 914 felicionis

213 1027 279 1091 dnn
294 1025 407 1088 exitum
420 1024 488 1087 anni
501 1025 657 1106 superioris
678 1029 769 1092 1769.
782 1025 858 1087 haoc
878 1021 1038 1086 editionem
1059 1024 1099 1086 ad
1119 1042 1168 1086 me
1186 1022 1269 1084 nihii

173 1119 351 1200 Suoshnrgo
372 1119 417 1178 vir
439 1119 569 1192 illusum,
584 1119 762 1198 Branchus,
775 1115 962 1181 consiliarios
977 1115 1071 1197 Regis
1084 1115 1270 1179 Christianis·

172 1213 249 1276 timi.
270 1213 445 1292 (Cooseiiler
458 1211 496 1274 de
509 1213 600 1286 Cour,
623 1214 803 1274 Receuraur
820 1212 874 1272 das
897 1211 1068 1283 Domainas,
1080 1223 1111 1272 et
1126 1208 1270 1272 Commia-

172 1307 247 1367 saire
266 1307 304 1367 de
319 1307 448 1384 Gueme)
462 1310 546 1386 cujus
567 1305 749 1370 voluntatem
766 1307 838 1367 mibi
853 1307 1014 1368 Stooberus
1028 1307 1067 1364 V.
1077 1307 1114 1367 C.
1130 1303 1269 1366 eoncilia·

172 1399 224 1460 rit.
238 1401 362 1472 Boram,
375 1417 470 1479 eoque
483 1401 587 1460 sommi
601 1400 768 1462 faciendam
786 1401 817 1459 in
834 1401 899 1460 viro
916 1400 993 1460 iiiios
1007 1395 1117 1458 ordinis
1137 1397 1270 1476 peritiam

172 1511 335 1572 groecarum
358 1493 505 1553 literarum
528 1493 715 1573 studiumque
738 1511 840 1554 aarum
861 1492 1044 1561 incredibile,
1068 1509 1128 1551 nou
1150 1506 1270 1570 possim

172 1585 231 1646 hoo
253 1585 321 1646 loco
341 1585 405 1645 sine
426 1584 635 1666 predicatione
660 1586 787 1664 quadem
810 1605 886 1656 mea,
910 1605 969 1664 qua
993 1585 1043 1645 ille
1064 1604 1125 1644 non
1145 1582 1270 1662 indiget,

172 1677 379 1737 transmittere.
421 1675 564 1754 Magnum
578 1694 597 1735 a
611 1675 760 1734 Brunclrio
774 1693 840 1734 meo
855 1675 946 1733 decus
969 1679 1128 1752 acceptura
1150 1672 1189 1732 sit
1206 1672 1271 1731 An·

173 1769 305 1850 tholegia
317 1787 426 1848 greca
442 1771 526 1848 cujus
540 1768 703 1832 ille'stutlio
717 1766 858 1846 imprimit
877 1777 1006 1837 tenetur,
1019 1765 1044 1826 si
1058 1785 1110 1844 per
1122 1764 1193 1824 elios
1203 1783 1272 1842 gra·

174 1863 269 1922 viores
281 1861 492 1941 occupationes
504 1861 546 1920 illi
559 1860 660 1920 liceret
681 1859 809 1920 animum
824 1859 1007 1938 expoliendse
1020 1857 1088 1917 huic
1109 1875 1273 1936 meorum

175 1953 415 2033 epigrammatum
435 1952 602 2013 collectioni
616 1951 755 2031 adjicere.
796 1947 938 2012 Nondum
958 1949 1077 2032 quidem
1097 1947 1166 2008 mihi
1189 1947 1274 2008 licuit

175 2067 214 2107 ne
224 2047 311 2123 hujus
325 2045 444 2126 quidem
458 2044 701 2124 prestantissima
722 2043 858 2105 editionis
870 2043 1013 2104 lectiones
1025 2041 1140 2123 penitus
1163 2059 1273 2122 cogno·

175 2155 270 2212 mere,
286 2157 382 2218 neque
400 2137 431 2197 in
451 2138 561 2219 sylvam
582 2157 677 2199 meam
697 2136 816 2198 referre.
860 2133 921 2197 eeu
943 2147 1101 2216 antequam
1121 2130 1172 2194 r'iln
1190 2133 1275 2214 sylva

175 2231 359 2314 typographo
372 2230 549 2292 excudenda
562 2233 591 2290 in
605 2249 707 2291 manus
721 2229 865 2302 tradetur,
880 2229 990 2290 curabo
1007 2239 1041 2288 ut
1053 2227 1140 2308 hujus
1154 2241 1274 2307 qnoque

175 2325 316 2387 lectiones
329 2323 457 2386 fideliter
470 2335 616 2404 excerptae
630 2320 701 2386 illuc
715 2324 888 2384 referantur.
929 2320 1074 2383 Universe
1087 2319 1192 2380 videor
1203 2317 1275 2378 mihi

177 2419 355 2490 observasse,
376 2437 477 2478 rernm
499 2437 575 2490 esse,
590 2415 669 2496 qood
683 2415 836 2496 affirmarit
849 2414 1004 2496 Taphros,
1019 2433 1085 2494 quse
1106 2411 1193 2474 bonoe
1215 2413 1276 2472 sint

175 2513 206 2571 in
226 2512 356 2572 editione
369 2507 453 2571 Pauli
468 2507 597 2570 Manutii
611 2505 764 2582 lectiones,
780 2529 830 2569 eas
844 2526 944 2568 omnes
957 2525 975 2567 e
990 2505 1157 2567 Felicianes
1170 2516 1275 2566 mutuo

176 2601 287 2665 inmtas
298 2623 372 2665 esse.
415 2603 471 2664 Est
484 2613 630 2684 praetcrea
642 2603 707 2663 hoec
721 2602 888 2664 Felicienea
902 2612 932 2662 et
945 2597 1053 2661 chartis
1062 2598 1167 2660 incuss
1178 2596 1277 2679 splen-

177 2695 348 2770 didioribus,
357 2707 388 2758 et
400 2694 476 2778 typis
487 2695 698 2777 grandioribus,
713 2707 804 2777 atque
813 2693 1006 2756 nitidioribus.
1017 2693 1048 2754 id
1057 2691 1137 2775 qnod
1146 2693 1193 2754 vel
1206 2691 1276 2753 inde

179 2800 305 2862 constet,
317 2791 396 2870 quod
406 2789 580 2850 Feliciancoe
590 2789 726 2851 volumen
734 2789 856 2870 primum
863 2799 947 2850 tenet
953 2785 1025 2848 folia
1036 2793 1104 2850 181.
1113 2787 1277 2848 secundnm

179 2889 249 2946 361.
263 2884 383 2944 tertium
397 2889 468 2946 369.
491 2881 622 2944 Paulinae
645 2894 744 2944 eutem
766 2883 903 2942 volumen
925 2882 1046 2962 primum
1064 2891 1148 2940 tenet
1166 2879 1276 2940 solum·

179 2977 268 3039 modo
282 2975 354 3039 lolia
367 2981 435 3038 lca.
449 2977 612 3038 secundom
625 2979 695 3038 248.
707 2973 822 3036 tertium
835 2977 905 3036 243.
947 2973 1063 3041 Quibus
1075 2989 1093 3033 e
1105 2970 1186 3032 libris
1200 2968 1277 3030 Feli·

181 3071 282 3132 cianns
297 3067 529 3132 Demosthenem
543 3067 685 3129 Aldinum
707 3065 917 3147 emendaverit,
940 3077 971 3127 et
990 3085 1049 3148 quo
1062 3065 1192 3137 delectu,
1206 3061 1278 3143 quid

181 3183 299 3246 quoqne
310 3163 378 3224 loco
393 3173 444 3223 ant
463 3161 494 3221 in
517 3161 598 3222 libris
619 3181 637 3222 a
651 3180 684 3222 se
698 3170 858 3242 repertum,
873 3170 925 3220 eut
938 3179 957 3220 a
969 3177 1002 3220 se
1016 3178 1070 3220 suo
1083 3169 1178 3218 morte
1191 3175 1278 3217 exco-

180 3257 304 3340 gitatum
318 3268 350 3317 et
364 3247 554 3317 Demostheni
569 3255 705 3316 donatum
726 3263 815 3324 esset,
830 3251 959 3312 incertos
973 3251 1011 3312 de
1025 3271 1062 3312 eo
1075 3269 1129 3311 nos
1149 3267 1215 3310 esse
1227 3268 1279 3308 vo·

180 3353 250 3423 luit;
270 3359 342 3432 qomj
354 3367 471 3429 magna,
492 3365 589 3430 neque
607 3347 730 3409 ferenda
750 3356 804 3420 est,
825 3363 878 3406 seu
898 3345 1042 3416 secordia,
1058 3363 1111 3405 sen
1123 3343 1227 3404 levitas
1247 3353 1279 3403 et

181 3446 335 3525 neglectus
350 3461 545 3524 personaeque
564 3453 595 3504 et
612 3441 762 3520 religionis
776 3457 846 3512 sues,
857 3457 916 3519 qus
929 3437 1024 3499 editor
1036 3438 1159 3518 quiaque
1172 3437 1280 3498 vetusti

182 3544 383 3617 cujuscunque
397 3535 536 3606 auctoris,
552 3533 648 3614 stipsi
661 3532 777 3594 auctori
790 3551 854 3603 suo,
870 3543 901 3592 et
914 3530 1071 3591 emtoribus
1086 3541 1174 3610 etque
1187 3521 1279 3592 lecto·

180 3631 261 3692 ribus
276 3630 411 3699 editionis
424 3643 486 3690 susa
506 3630 664 3689 obstrictus
679 3635 732 3698 est,
742 3643 796 3689 sen
815 3634 980 3685 contemtus
992 3623 1171 3704 posteritatis
1192 3634 1224 3683 et
1231 3627 1281 3699 ju·

181 3721 250 3786 dicii
263 3723 384 3804 publici,
400 3721 644 3783 existimationem
657 3719 749 3800 ipsius
770 3717 890 3779 editoris
910 3715 1033 3789 laedens,
1054 3727 1086 3777 et
1108 3716 1280 3788 emtoribus,

182 3817 329 3897 quotquot
341 3815 391 3876 ilie
406 3813 460 3875 sibi
475 3825 574 3894 sperat
596 3812 721 3884 futuros,
735 3809 888 3890 molestus,
901 3823 1011 3890 eosque
1025 3809 1163 3870 frondens
1182 3809 1282 3869 fructu

180 3907 299 3982 laboris,
316 3928 403 3988 quem
417 3907 447 3966 in
468 3905 638 3968 adornanda
658 3905 788 3966 editione
811 3921 864 3964 sua
883 3901 1054 3965 exantlavit.
1096 3901 1215 3984 Perlegi
1229 3901 1282 3964 ali-

182 3999 299 4082 bnoties
313 4009 343 4061 et
353 3999 570 4060 dedicationem
584 4009 615 4058 et
628 3997 830 4094 praefationem
846 3994 993 4068 Feliciani,
1005 3997 1059 4057 sed
1073 3997 1104 4056 in
1117 4009 1221 4059 neutro
1233 3995 1281 4055 vsi

182 4093 304 4154 verbum
324 4092 489 4163 haedere,
506 4111 572 4170 qua
590 4101 635 4149 est
656 4089 765 4148 honuni
786 4089 888 4149 critico
908 4089 1001 4148 molto
1016 4087 1193 4169 munimime,
1207 4087 1281 4148 etin

177 4183 243 4265 'qua
259 4201 403 4244 summam
418 4183 460 4242 rei
472 4184 522 4242 ille
536 4183 671 4255 collocat,
693 4183 808 4262 reperi;
829 4193 934 4262 prester
947 4181 1031 4242 istmc
1045 4183 1139 4261 pnirce
1153 4193 1182 4242 et
1196 4200 1280 4258 vage,

183 4298 250 4357 qum
262 4278 479 4340 dedicationem
494 4277 694 4337 exordiuntur.
727 4284 748 4310 ‘¹
758 4278 834 4336 Cum
848 4275 1046 4355 superioribus
1057 4276 1170 4345 diebus,
1181 4275 1282 4334 Ahhas

184 4369 362 4442 Clarissima,
378 4369 586 4429 Demosthenis
597 4368 795 4428 -orationes
817 4368 950 4428 collectis
964 4369 1134 4447 quibusdem
1155 4365 1282 4445 anhquis
1386 4375 1389 4386 '

185 4462 336 4526 codicibus
358 4460 613 4542 recognoscendas
633 4461 835 4542 suscepissem,
851 4481 910 4542 quo
931 4461 969 4524 nd
994 4459 1190 4523 studiosorum
1207 4458 1283 4520 utili·
