2984 4917
509 284 567 349 tu
587 284 940 349 DEMOSTHENEN.
1204 286 1274 347 sias

175 442 371 525 Emona
383 442 486 525 prima.
502 438 676 515 Feliciones,
689 455 722 507 et
732 442 909 505 Manutiaos
927 448 1037 525 0198.
1056 440 1276 522 (1001100110οα

175 550 206 599 01
218 536 307 598 sarie
321 536 464 598 lectiones
477 537 507 603 10
523 536 753 598 Demosthenem
765 558 820 617 per
830 538 1015 597 vincentium
1029 536 1221 615 Obsopoeum,
1236 533 1276 595 de

174 630 279 711 mribus
288 630 379 708 paulo
388 641 455 709 post
468 630 594 689 11100100.
613 648 643 709 0.
660 630 827 692 11500010
846 630 988 691 lectiones
1007 628 1047 689 ad
1060 628 1276 690 1100000011-

175 724 255 784 tione
270 720 446 783 Feliciones.
467 742 497 803 p.
510 726 578 786 157.
609 720 711 781 Woitii
735 722 937 782 annotationes
950 723 990 783 ad
1003 721 1233 783 Demosthenem
1256 739 1276 781 s

176 818 281 879 0011100
294 812 465 876 Lutetirino.
481 836 509 895 p.
522 821 591 878 159.
604 834 692 895 quam
713 813 832 895 appello
836 815 1016 894 farraginem
1033 810 1204 890 Woffionom.
1217 828 1277 892 qua

176 908 361 988 consignarit
374 925 475 969 omues
495 908 638 969 tentiones
652 907 700 968 ed.
710 907 813 967 Latet.
828 926 912 968 esua
925 907 1135 985 discrepantes,
1145 922 1212 965 cum
1231 906 1275 964 in·

174 1002 283 1081 spersis
296 1000 358 1061 suis
369 1000 544 1077 conjecturis
558 998 641 1059 noris
650 1018 704 1059 seu
714 1001 790 1059 curis
801 1000 949 1061 secundis.
991 999 1122 1059 Diversis
1131 997 1276 1058 lectiones

177 1094 289 1155 codicis
304 1094 483 1173 Augustani.
501 1114 532 1173 p.
546 1096 614 1157 179.
637 1092 757 1153 Scholia
776 1092 887 1153 codicia
907 1090 1070 1171 Augustani
1090 1090 1223 1169 ejusdem
1244 1110 1276 1169 p.

180 1192 247 1249 191.
257 1186 348 1247 varias
357 1186 502 1247 lectiones
516 1187 547 1245 10
555 1186 623 1246 Vita
635 1186 721 1246 Deru.
733 1203 752 1246 a
762 1185 920 1268 Plutarcho
933 1186 1044 1265 scripta
1053 1206 1083 1265 p.
1095 1189 1162 1247 199.
1174 1182 1276 1243 Woifii

177 1289 291 1341 reseres
305 1279 494 1359 prefationes
508 1289 539 1339 et
553 1278 682 1339 carmina
695 1297 791 1357 greca
810 1290 899 1357 etque
911 1278 1011 1338 latina.
1054 1274 1116 1336 Hic
1136 1282 1183 1336 001
1205 1294 1277 1337 con·

177 1382 305 1451 spectus,
321 1370 386 1431 hoec
407 1372 496 1431 series
518 1372 613 1451 operis
627 1370 776 1431 Wolliani.
789 1370 938 1430 videamus
951 1389 1029 1431 nunc
1043 1370 1082 1430 de
1101 1368 1276 1451 quibusdem

177 1462 282 1523 borum
294 1463 459 1523 libellorum
471 1464 603 1523 seorsim.
644 1462 773 1521 Primum
786 1463 825 1523 de
838 1463 1026 1543 dispositione
1039 1473 1128 1541 atque
1141 1461 1278 1521 distribu-

179 1556 259 1615 tione
279 1566 363 1617 oratt.
386 1556 473 1616 Dem.
492 1556 648 1617 Woifiana.
690 1554 847 1616 Orationes
867 1557 1074 1617 Demosthenis
1094 1557 1125 1615 in
1145 1556 1277 1617 editione

179 1648 297 1721 Aldina,
312 1667 371 1707 una
389 1649 528 1709 contiuua
548 1648 633 1719 sarie,
652 1646 717 1707 sine
737 1648 799 1707 ulia
819 1648 1022 1707 distributione
1042 1648 1072 1707 in
1095 1649 1212 1720 0100000,
1233 1649 1276 1709 le·

177 1754 296 1822 guntur.
336 1742 450 1801 Primus
465 1762 514 1803 eas
527 1742 557 1801 in
570 1753 630 1801 tres
641 1752 737 1801 tomos
752 1759 804 1799 seu
814 1740 932 1811 classes,
944 1741 1090 1801 distribuit
1100 1740 1276 1813 Felicianus,

178 1854 266 1914 quem
281 1834 409 1895 imitatus
423 1848 470 1897 est
483 1836 591 1896 Paulus
607 1834 771 1894 Manutius.
793 1832 886 1913 prima
903 1833 1003 1893 classis
1024 1843 1108 1893 tenet
1121 1833 1277 1913 Olynthia·

177 1948 238 2000 cas,
253 1928 607 2009 Ρ10111001000,000001100,
621 1926 770 2007 prooemia,
792 1936 824 1986 et
841 1928 915 1987 duas
938 1926 1158 1999 ostensionales,
1180 1926 1277 2005 'operis

177 2021 413 2101 tppendiculam.
425 2021 574 2082 secundus
592 2031 688 2081 tomus
703 2030 786 2080 tenet
797 2020 922 2101 publicis
934 2020 964 2078 in
976 2019 1072 2080 causis
1086 2018 1190 2091 (110100,
1203 2038 1277 2099 quas

177 2134 266 2194 supra
290 2116 499 2175 recensuimus.
521 2114 610 2175 tertia
630 2114 757 2192 reliques
781 2132 890 2174 omnes.
932 2112 1020 2173 Wolf
1038 2124 1137 2173 autem
1160 2114 1198 2172 ab
1218 2111 1277 2174 hac

176 2208 382 2269 distributione
395 2206 507 2268 duabus
520 2207 551 2265 iu
563 2207 650 2267 rebus
662 2206 806 2277 discessit,
844 2210 873 2285 l)
884 2227 903 2267 0
916 2206 1029 2266 duabus
1048 2216 1150 2265 contra
1163 2206 1279 2265 AEsclti·

176 2322 245 2362 nem
257 2301 445 2373 mationibus,
458 2320 525 2381 que
538 2300 568 2359 iu
586 2300 655 2359 edd.
669 2300 814 2359 Bemardi
833 2311 864 2359 et
877 2298 961 2359 Pauli
981 2318 1046 2379 pars
1064 2298 1136 2357 tomi
1153 2298 1276 2359 secundi

175 2406 255 2465 tunt,
267 2405 381 2455 tomum
400 2394 589 2473 peculiarem,
607 2411 728 2453 numero
743 2393 904 2453 secundum
918 2392 996 2464 fecit,
1016 2391 1122 2451 additis
1133 2392 1277 2452 AEsohinis

175 2488 368 2559 orationibus,
382 2507 449 2568 que
463 2500 560 2548 autem
575 2487 605 2545 in
620 2486 690 2547 edd.
701 2487 792 2547 Bem.
807 2497 837 2545 et
848 2487 933 2546 Pauli
945 2484 1056 2565 reliqua
1068 2486 1190 2546 secundi
1204 2487 1278 2546 tomi

175 2580 338 2661 implebant
359 2580 516 2653 orationes,
531 2590 564 2639 ut
578 2579 735 2659 Leptines,
750 2578 893 2651 Midiana,
905 2580 1027 2639 Andron
1039 2578 1213 2639 Aristocrat
1228 2579 1279 2638 Ti-

177 2684 301 2735 mocrat.
315 2672 505 2752 Aristogiton.
521 2672 578 2731 ullis
589 2673 678 2734 Wolf
687 2673 805 2732 tertium
817 2684 931 2732 tomum
944 2692 995 2731 sen
1010 2672 1133 2732 classem
1147 2672 1277 2752 assigna·

175 2769 227 2840 rit,
239 2788 299 2849 qno
311 2768 435 2842 factum,
456 2777 489 2827 ut
507 2786 571 2847 quae
590 2766 620 2825 in
635 2766 704 2827 edd.
719 2766 813 2825 Felic.
836 2778 868 2826 et
888 2766 924 2824 P.
939 2764 1067 2824 Manutii
1090 2776 1168 2825 esset
1190 2766 1279 2827 tertia

175 2864 287 2935 0100010,
300 2882 336 2923 ea
344 2866 406 2939 jam
415 2862 446 2922 10
456 2860 505 2923 ed.
517 2860 665 2921 Woliiaua
677 2860 715 2921 sit
729 2869 844 2941 quarta.
887 2858 949 2919 Sed
963 2868 1044 2917 etex
1057 2859 1114 2918 hac
1127 2869 1279 2938 postrema

177 2957 282 3027 siesse,
300 2975 367 3035 quar
381 2966 427 3016 est
444 2956 622 3036 privatarum
644 2972 824 3024 caussarum,
844 2962 906 3012 tres
920 2952 1067 3012 orationes
1080 2951 1171 3011 Wolf
1185 2963 1280 3013 trano

178 3050 244 3109 tulit
256 3048 288 3108 in
302 3048 426 3109 classem
441 3048 503 3109 aliis
524 3048 661 3118 mediam,
676 3044 730 3106 sihi
743 3044 869 3117 tertiam,
884 3044 1028 3105 orationes
1041 3055 1114 3125 puta
1124 3044 1155 3103 in
1176 3044 1278 3106 liubu-

179 3141 278 3214 lidem,
292 3142 323 3201 in
337 3140 542 3213 Theocrinem,
557 3152 589 3201 et
602 3140 632 3200 iu
647 3138 795 3211 Nereram,
810 3137 890 3217 quod
904 3158 953 3199 eas
974 3138 1117 3198 orationes
1131 3137 1278 3209 crederet,

178 3254 238 3295 non
256 3234 392 3313 privatas,
411 3234 465 3293 sed
483 3233 615 3313 publices
638 3250 741 3293 causas
761 3231 884 3310 agitare.
910 3231 943 3309 1)
955 3230 1050 3291 Tomo
1071 3231 1166 3311 primo
1186 3230 1280 3293 simia

177 3328 264 3398 00011,
286 3338 394 3405 praeter
413 3326 553 3406 epistolas
575 3325 784 3387 Demosthenis
802 3335 833 3384 et
847 3324 1001 3397 AEschinis,
1016 3326 1103 3385 etiarn
1118 3326 1279 3387 orationem

180 3418 323 3479 Dinarchi
337 3418 365 3477 in
378 3418 619 3480 Demosthenem.
660 3418 757 3478 Tomo
767 3418 899 3478 secundo
913 3418 1073 3478 orationem
1093 3439 1147 3499 pro
1161 3439 1279 3492 corona,

177 3530 244 3590 quos
254 3511 285 3570 in
299 3510 363 3569 aliis
377 3510 510 3570 omnibus
526 3510 702 3571 editionibus
722 3510 873 3570 antecedit
891 3510 969 3569 illam
983 3510 1023 3569 de
1033 3511 1108 3571 falsa
1119 3512 1278 3591 legatione,

178 3602 248 3661 huic
273 3601 361 3661 Wolf
393 3603 564 3681 postposuit.
620 3602 773 3681 Opuscuia
799 3603 928 3682 quinque
954 3602 1013 3661 hoc
1039 3605 1170 3663 secundo
1199 3615 1280 3665 tomo

179 3694 328 3755 Woliiano
351 3695 490 3755 conclusa
509 3696 584 3756 10100
606 3695 709 3755 ordine
730 3712 796 3755 0000
818 3707 1041 3775 consequuntur.
1095 3698 1279 3772 i)AEschinis

177 3804 222 3845 or.
236 3786 267 3846 in
280 3786 478 3847 Timarchum.
519 3788 552 3863 2)
564 3788 780 3849 Demosthenes
794 3788 832 3849 de
846 3786 920 3848 falsa
938 3790 1087 3867 legatione
1109 3791 1140 3850 in
1162 3792 1281 3852 AEschi·

178 3898 258 3939 nem.
289 3880 322 3957 s)
333 3878 431 3955 Hujus
446 3878 581 3941 adeamus
594 3880 675 3940 iilum
690 3895 778 3959 super
787 3880 846 3940 hoc
859 3880 977 3940 crimine
989 3880 1131 3943 defensio.
1163 3884 1196 3959 4)
1207 3886 1282 3944 liur-

178 3990 229 4032 000
250 3971 381 4047 ejusdem
399 3972 492 4033 oratio
511 3975 539 4032 in
554 3972 790 4053 Ctesiphontem,
805 3984 836 4032 et
850 3992 997 4035 coronam.
1012 3976 1131 4035 tandem
1171 3979 1204 4055 5)
1219 3978 1280 4039 De·

178 4062 341 4127 mostheuis
362 4083 406 4123 or.
429 4084 481 4144 pro
505 4064 705 4145 Ctesiphonte,
720 4084 783 4136 seu,
804 4065 884 4144 quod
903 4066 982 4126 idem
1006 4078 1060 4138 est,
1085 4089 1139 4149 pro
1161 4089 1279 4130 corona.

178 4154 276 4215 'fumo
290 4168 395 4236 quarto
409 4158 555 4236 subjectus
576 4171 622 4219 est
642 4158 731 4219 index
750 4158 782 4218 in
802 4160 954 4219 Demosth.
969 4172 998 4220 et
1012 4160 1193 4223 AEschinern.
1215 4164 1280 4223 Sin·

175 4250 240 4329 guli
254 4250 362 4331 quique
372 4251 443 4313 torui
457 4253 516 4313 0010
527 4252 744 4331 prefationibus
759 4253 883 4334 propriis
896 4274 916 4314 a
929 4254 1038 4315 Wolfio
1050 4266 1119 4315 sunt
1136 4256 1280 4315 instructi.

172 4342 473 4423 1010101000ψὶ
488 4344 648 4425 Ulpianum
664 4348 876 4427 complectitur,
891 4347 1010 4426 praelixa
1022 4348 1154 4427 prefatio
1173 4348 1281 4427 scripta

178 4436 429 4499 0100111010
452 4442 540 4501 1550.
556 4436 684 4500 clausula
704 4438 955 4520 interpretationis
967 4440 1066 4501 latine
1083 4444 1194 4519 0113.
1214 4440 1280 4503 haec
