2984 4917
229 355 277 415 nri
367 352 526 412 ERASMl
550 350 646 411 ROT.
667 352 936 413 ADHERVAG.
959 352 1024 412 Pa.
1057 351 1186 411 PRAEF.

229 530 287 589 que
296 519 331 569 te
342 494 450 579 manet,
466 520 615 587 utpueros
627 508 774 567 elementa
785 480 940 567 docentem
951 502 1088 587 Occupet
1101 507 1131 566 in
1140 507 1212 567 vicis
1224 506 1322 568 Sosio·

230 621 294 660 rum
306 603 395 661 balba
406 614 552 661 senectus.
587 600 745 659 Plurimum
762 601 838 659 enirn
853 600 953 671 refert,
968 601 1018 679 qui
1031 620 1137 660 succus
1151 600 1253 660 rudem
1264 601 1318 660 eti·

229 716 345 754 amnurn
365 694 472 773 ingenii
493 694 628 754 testulam
649 692 767 751 imbuat.
810 693 929 752 Utiliter
949 691 1065 771 quidem
1083 692 1207 770 primam
1219 691 1318 751 Latini

229 787 371 845 sermonis
385 786 594 845 institutionem
603 783 743 843 aselectis
757 784 853 861 poetis
866 784 1102 864 auspicabantur,
1114 784 1191 862 quod
1201 785 1230 841 bi
1241 804 1316 862 pra·

227 890 274 937 ter
287 880 408 937 virtutes
422 879 570 947 oratorius,
583 876 693 936 habent
706 875 816 954 aliquid
835 876 944 954 proprii
957 875 1056 936 nitoris
1070 896 1106 936 ac
1116 875 1317 953 jucunditatis,

227 991 285 1049 qua
299 973 380 1031 velut
394 991 472 1041 esca,
486 968 621 1030 dulcibus
633 971 725 1047 magis
740 989 827 1049 qnam
844 970 1008 1028 salubribus
1027 970 1158 1048 gaudens
1170 982 1242 1033 oetas
1255 970 1316 1030 alli·

225 1066 319 1124 ciatur
332 1063 368 1125 ad
382 1065 543 1125 studiorum
556 1082 693 1123 amorem.
734 1064 839 1140 Itaque
859 1061 988 1141 quisquis
1009 1061 1132 1121 Latinos
1150 1074 1253 1141 poetas
1272 1064 1316 1121 in·

225 1157 341 1237 telligit,
355 1158 463 1217 rectius
476 1155 620 1233 intelliget
633 1166 772 1215 oratores.
814 1154 905 1232 Apud
917 1154 1040 1214 Groecos
1050 1155 1162 1214 diversa
1174 1155 1247 1214 ratio
1261 1167 1316 1217 est.

226 1250 352 1309 Tantum
367 1250 443 1309 enim
457 1248 629 1307 discriminis
637 1258 682 1306 est
692 1248 769 1307 inter
779 1260 931 1326 poctarum
944 1258 976 1306 et
989 1258 1134 1307 oratorum
1147 1248 1316 1321 dictionem,

226 1353 259 1400 ut
272 1342 375 1399 credas
389 1341 453 1398 illos
467 1340 582 1399 diversa
599 1339 700 1417 lingua
717 1338 807 1418 loqui.
848 1339 953 1417 quue
965 1338 1008 1409 lit,
1022 1350 1055 1397 ut
1068 1340 1118 1417 qui
1132 1358 1150 1398 a
1163 1341 1258 1419 poetis
1270 1341 1316 1400 fe-

225 1445 329 1493 cerunt
344 1432 528 1491 institutionis
548 1431 753 1501 rudimentum,
766 1451 855 1508 quum
868 1430 907 1489 ad
919 1442 1067 1492 oratorum
1081 1432 1236 1492 lectionem
1248 1451 1314 1493 sese

225 1524 412 1594 contulerint,
425 1523 549 1582 subinde
564 1523 644 1583 velut
659 1523 689 1580 in
709 1523 863 1601 peregrino
881 1542 1016 1583 sermone
1034 1524 1176 1595 restiterit,
1196 1537 1227 1584 et
1243 1526 1315 1586 licat

224 1618 295 1697 quid
308 1636 431 1694 quaeque
445 1636 502 1675 vox
518 1615 657 1687 declaret,
673 1636 731 1675 non
745 1616 890 1695 ignorent,
904 1627 1004 1675 tamen
1018 1611 1138 1675 sensum
1147 1637 1206 1675 non
1219 1618 1313 1699 perci·

201 1712 204 1717 '
222 1710 313 1789 piant.
355 1709 389 1766 ln
401 1728 489 1767 causa
502 1720 548 1767 est
561 1709 752 1778 schematum,
764 1719 912 1786 troporum
927 1718 958 1765 et
967 1708 1132 1766 idiomatum
1140 1710 1312 1786 proprietas,

222 1803 253 1863 in
272 1803 376 1881 quibus
395 1802 474 1859 baud
496 1801 537 1860 ita
555 1801 676 1859 multum
698 1800 876 1876 opitulantur
895 1798 1015 1855 Leuica.
1055 1798 1125 1856 Hac
1146 1799 1262 1877 quidem
1282 1802 1313 1861 in

221 1907 304 1975 parte
317 1895 484 1975 praeclaram
499 1910 618 1969 operam
632 1896 690 1956 τοῖς
704 1894 909 1969 φιλογλόττοις
922 1888 1038 1947 navavit
1051 1887 1237 1950 Guilhelmus
1251 1892 1313 1951 Bu·

221 1990 312 2049 daeus.
354 1987 464 2044 Verum
481 1994 512 2040 ut
532 1982 691 2061 puerilibus
704 1979 827 2058 ingeniis
842 1980 984 2040 Romame
998 1981 1122 2060 Linguae
1137 2004 1195 2041 non
1215 1985 1312 2043 statim

220 2078 424 2140 accommodus
443 2086 488 2134 est
501 2074 546 2135 M.
563 2074 686 2144 Tullius,
706 2073 767 2151 qui,
785 2073 875 2133 Fabio
888 2074 1000 2149 judice,
1018 2076 1090 2133 nulli
1103 2075 1189 2135 valde
1203 2078 1311 2155 placet,

219 2172 274 2230 nisi
288 2170 336 2249 qui
346 2174 406 2244 jem
421 2166 540 2244 egregie
553 2164 730 2243 profecerit:
759 2165 801 2224 ita
820 2166 992 2227 Groecarun
1011 2169 1161 2228 literarum
1176 2169 1310 2248 peritiam

219 2261 411 2322 ambientibus
425 2279 484 2317 non
505 2258 628 2318 arbitror
646 2258 804 2319 admodum
825 2260 982 2320 convenire
1002 2262 1242 2334 Demosthenem,
1260 2266 1311 2342 qui

218 2356 283 2434 pius
298 2354 365 2412 artis
378 2352 468 2410 habet
482 2350 511 2409 in
525 2370 655 2420 recessu,
671 2371 758 2430 quarn
778 2352 869 2430 prima
888 2351 986 2413 fronte
998 2374 1057 2432 pne
1076 2374 1108 2413 se
1121 2354 1207 2415 ferat.
1248 2357 1309 2417 Hic

218 2447 303 2516 enim,
318 2443 397 2523 quod
410 2442 570 2502 honorifico
586 2447 655 2517 joco
676 2444 750 2503 dixit
764 2444 925 2516 Demades,
938 2446 1051 2524 scripsit
1064 2446 1103 2505 ad
1115 2466 1229 2527 aquam,
1251 2468 1309 2509 nec

218 2540 272 2597 nisi
284 2558 302 2597 a
314 2536 416 2596 sobriis
430 2556 466 2595 ac
480 2534 663 2612 vigilantibus
681 2548 779 2615 potest
802 2536 932 2615 intelligi.
973 2538 1101 2598 Proinde
1115 2540 1196 2619 q'uod
1208 2541 1247 2600 de
1261 2540 1309 2599 M.

218 2631 315 2689 Tullio
329 2628 441 2707 scripsit
452 2629 575 2695 Quintus
585 2628 700 2697 Fabius,
713 2631 777 2708 pari
785 2634 850 2703 jure
865 2630 903 2688 de
914 2631 1115 2691 Demosthene
1125 2632 1182 2692 dici
1193 2645 1307 2713 potest:

215 2724 240 2783 is
254 2743 286 2783 se
297 2723 372 2781 sciat
384 2721 413 2779 in
428 2730 489 2780 artc
500 2720 618 2779 dicendi
632 2720 803 2799 profecisse,
814 2721 861 2779 cui
875 2721 1180 2786 Demosthenesvalde
1189 2727 1309 2805 placere

216 2816 345 2895 coeperit.
387 2812 638 2880 Quemadmodum
650 2814 752 2871 tabula
765 2831 871 2891 magno
885 2810 1006 2873 artificio
1019 2815 1136 2893 depicta
1148 2836 1235 2877 nemo
1248 2839 1308 2878 ma·

215 2928 344 2989 gnopere
363 2907 525 2967 delectatur
538 2906 607 2967 artis
622 2906 782 2987 imperitus,
798 2906 839 2965 ita
857 2906 1066 2967 Demosthenis
1085 2908 1213 2969 divinum
1233 2912 1306 2971 illud

215 3015 245 3061 et
259 3002 336 3081 quod
350 3001 547 3061 lhcundissimi
558 3000 666 3079 quique
679 2999 833 3079 semperin
848 3020 885 3058 eo
898 3000 991 3059 mirati
1006 3012 1084 3072 sunt,
1095 3003 1126 3063 τὸ
1137 3002 1236 3075 δεινὸν,
1247 3025 1307 3065 non

214 3095 344 3163 sentitur,
357 3093 410 3149 nisi
424 3105 455 3149 et
468 3092 619 3149 rhetoricis
629 3092 874 3169 praeceptionibus
888 3094 1064 3171 exercitatis,
1079 3107 1110 3154 et
1124 3096 1306 3158 historiarum

215 3180 382 3259 cognitione
396 3179 546 3238 instructis.
588 3180 690 3256 ltaque
704 3179 808 3258 patiar,
824 3190 855 3237 ut
869 3200 942 3258 puer
963 3181 1079 3259 quidem
1093 3183 1232 3262 degustet
1244 3188 1307 3249 De-

213 3272 404 3340 mosthenem,
419 3270 472 3329 sed
484 3270 521 3328 ad
537 3289 601 3327 eum
615 3270 690 3328 serio
702 3270 813 3341 redeat,
821 3276 882 3345 jam
896 3270 992 3331 sactus
1005 3274 1152 3347 oculatior,
1167 3298 1226 3356 quo
1239 3300 1305 3359 per.

213 3364 314 3443 spiciat
334 3362 410 3421 illam
430 3382 499 3421 vere
520 3362 636 3421 atticam
658 3382 804 3434 venerem,
824 3361 898 3420 illud
917 3382 1069 3424 excussum
1084 3368 1236 3444 judicium,
1256 3373 1306 3434 illa

212 3476 325 3517 summo
339 3453 460 3514 artificio
474 3464 605 3512 contorta
616 3447 842 3533 enthymemata,
853 3466 1002 3535 postremo
1009 3456 1066 3517 vim
1079 3458 1158 3520 illam
1172 3464 1305 3525 omnibus

213 3548 421 3617 admirabilem,
436 3548 483 3605 vix
498 3546 550 3605 ulli
569 3547 745 3606 imitabilem.
788 3548 917 3625 Elegans
937 3548 1051 3609 interim
1065 3551 1153 3613 fuerit
1164 3559 1307 3619 exercita·

212 3644 264 3713 tio,
275 3642 354 3721 quod
368 3641 545 3700 aveteribus
558 3639 701 3699 nonnullis
714 3638 822 3699 factum
837 3643 924 3701 estin
939 3643 1075 3705 Homero
1090 3666 1124 3707 ac
1138 3650 1265 3729 Virgilio,
1279 3651 1305 3710 si

213 3736 278 3814 quis
290 3735 367 3793 idem
380 3734 471 3793 saciat
481 3733 510 3791 in
528 3732 724 3791 Demosthene
735 3744 766 3791 et
780 3732 826 3791 M.
842 3733 948 3807 Tullio,
963 3748 995 3795 ut
1010 3756 1048 3797 err
1060 3740 1213 3800 collatione
1226 3743 1305 3802 loco·

212 3849 277 3887 rum
291 3826 501 3906 deprehendat,
517 3826 587 3903 quid
608 3826 656 3884 hie
675 3826 711 3883 ab
731 3826 782 3883 illo
798 3826 836 3885 sit
857 3840 1013 3899 mutuatus,
1028 3842 1059 3890 et
1079 3833 1130 3893 ubi
1147 3846 1245 3896 noster
1265 3836 1304 3906 sit

214 3922 321 4005 Grreco
334 3940 397 3999 par,
411 3919 460 3977 ubi
475 3918 615 3996 superior,
630 3918 678 3975 ubi
692 3920 728 3977 ab
743 3920 901 3999 exemplari
921 3923 1051 3983 uonnibil
1065 3926 1227 4005 degeneret
1239 3929 1303 3989 imi·

210 4014 294 4073 tatio.
336 4013 395 4069 Vix
410 4010 466 4070 alia
482 4030 528 4069 res
546 4030 631 4090 aeque
649 4011 786 4071 conducit
805 4014 844 4072 ad
865 4016 1023 4092 parandum
1039 4018 1191 4093 judicium.
1233 4022 1303 4081 Non

209 4106 260 4166 hic
273 4116 438 4183 sumpturus
451 4104 515 4163 'sum
533 4122 648 4181 operam
663 4104 693 4161 in
707 4104 853 4165 laudando
866 4106 1078 4182 Demosthene,
1092 4112 1131 4171 ad
1143 4132 1230 4190 quem
1249 4133 1303 4192 pro

209 4198 353 4279 dignitate
374 4194 590 4275 predicandum
610 4214 684 4274 opus
706 4207 783 4255 esset
801 4198 965 4277 eloquentia
978 4201 1222 4267 Demostheniea:
1243 4206 1302 4266 imo

198 4278 291 4353 'nula
304 4289 399 4370 potius
413 4308 486 4367 opus
506 4296 553 4345 est
565 4286 729 4365 eloquentia
742 4289 861 4348 adeum
874 4290 1063 4365 laudandum,
1077 4315 1164 4373 quem
1178 4315 1302 4371 unoore

211 4385 242 4443 in
255 4384 358 4443 coelum
370 4380 467 4441 ferunt
477 4398 591 4439 omnes:
608 4380 723 4447 nectibi
734 4381 833 4440 calcar
846 4380 955 4442 addere
965 4384 1100 4457 studebo,
1112 4387 1224 4466 Georgi
1235 4390 1303 4449 cha·

211 4477 332 4545 rissime,
354 4494 440 4553 quem
460 4472 607 4553 conspicio
628 4472 656 4531 in
672 4473 729 4533 hoc
741 4473 944 4551 ¹pulcherrimo
965 4476 1061 4537 stadio
1084 4487 1181 4556 tuapte
1196 4477 1300 4561 sponte
