2984 4917
213 253 226 311 l
271 314 273 319 ,
545 256 796 319 HIERONYMI
816 252 971 318 wonm

212 404 355 485 jungatis·
367 406 501 465 virtutem
515 416 546 465 et
560 406 751 484 sapientiam:
769 408 985 484 neqnedoctos
997 406 1120 489 forestis
1132 406 1237 483 solam,
1250 410 1306 472 ssd

215 508 277 559 tum
287 498 339 576 ipsi
354 496 512 557 eruditione
523 496 663 568 floram,
672 508 735 557 tum
748 497 854 558 liberos
864 509 978 557 vestros
987 500 1024 557 ab
1037 500 1157 561 ineunte
1169 513 1257 563 etsta
1268 504 1305 563 li·

214 590 351 651 baraliter
364 588 472 650 institui
486 588 612 649 curetis:
633 600 667 649 ut
680 590 812 649 omm'bus
825 599 856 649 et
868 589 957 649 animi
972 601 1003 651 et
1015 590 1140 651 fortuna
1157 592 1241 654 bonis
1254 615 1306 655 cu·

213 680 313 741 mulati
335 681 411 741 sinte
431 691 462 741 et
479 680 594 741 homins
616 682 751 763 prudenti
771 682 899 743 maxime
923 682 1042 762 dignam
1064 684 1305 759 moderationem,

214 792 272 852 qua
280 792 338 857 una
352 784 382 835 et
394 773 453 833 Dei
468 784 499 833 et
511 774 636 835 fortune
647 786 677 834 et
691 774 842 836 hominum
850 774 932 853 favor
945 786 1008 835 tnrn
1020 786 1147 856 paratur,
1160 787 1223 839 turo
1237 798 1307 840 con-

214 879 355 940 servatur,
369 878 468 928 uestro
483 870 618 949 exemplo
632 869 748 929 discant
760 888 796 929 ac
805 868 967 929 retineant:
980 881 1013 929 et
1024 868 1080 931 hac
1091 870 1151 929 vita
1163 870 1207 931 sic
1220 882 1305 933 utun·

214 972 273 1045 tur,
295 972 328 1021 ut
346 962 441 1023 baatoe
457 961 674 1023 immortalitatis
694 982 776 1041 spem
796 962 906 1023 babere
927 962 1048 1041 possint.
1087 964 1162 1031 Quse
1177 983 1244 1024 cum
1265 963 1307 1026 its

215 1055 282 1126 sint,
298 1055 414 1115 omnino
434 1054 504 1115 mihi
523 1056 696 1135 persuadeo,
709 1056 754 1115 vir
771 1053 963 1128 ornatissime,
983 1064 1013 1115 te
1031 1074 1130 1117 meum
1149 1051 1306 1136 hocopus,

215 1168 323 1227 magno
342 1148 438 1209 studio
458 1166 493 1207 ac
512 1147 613 1209 labore
630 1146 768 1226 (quisquis
787 1147 907 1210 tandem
929 1148 967 1209 sit
989 1158 1117 1220 arantis,
1141 1168 1230 1228 quesn
1246 1168 1306 1209 non

215 1243 324 1303 melum
342 1243 405 1301 fore
419 1250 449 1299 et
462 1252 533 1320 opto
546 1252 577 1304 et
590 1243 687 1321 spero)
706 1241 886 1313 confectum,
907 1241 984 1320 nqui
1003 1241 1135 1320 bonique
1143 1242 1304 1301 laccorum:

216 1346 249 1395 et
261 1336 290 1394 in
303 1333 535 1415 splendidissima
546 1333 724 1393 bibliotheca
735 1344 796 1405 tua,
807 1352 894 1413 quam
907 1334 1021 1413 mugnis
1031 1333 1172 1395 sumtibus
1180 1333 1211 1393 in
1220 1333 1307 1395 ltalia

217 1445 400 1506 comparasse
413 1424 710 1497 ffioeris‚inst1uctam
723 1425 822 1487 multis
831 1426 958 1506 egregiis
970 1425 1059 1499 libris,
1073 1426 1123 1506 qui
1135 1426 1307 1487 nuceum

216 1519 316 1600 paucis
336 1529 403 1579 eunt
422 1518 485 1590 visi,
506 1517 594 1589 latino
611 1517 807 1578 Demostheni
825 1518 935 1598 aliquid
956 1518 1015 1579 loci
1034 1518 1187 1579 daturum:
1209 1526 1242 1579 et
1257 1536 1306 1579 me

98 1672 100 1679 ,
215 1632 275 1672 una
294 1632 361 1672 cum
381 1622 485 1692 patruo
508 1622 561 1672 tuo
575 1612 705 1684 Antonio,
727 1629 745 1672 a
764 1611 862 1672 latinis
880 1611 971 1671 literis
994 1622 1051 1671 non
1073 1608 1251 1682 abhorrenti,
1273 1619 1307 1670 et

215 1704 305 1765 fratre
320 1705 453 1783 Georgin,
474 1704 522 1783 qui
536 1716 566 1764 et
587 1705 648 1785 ipse
667 1724 732 1765 cum
754 1716 926 1765 caeterarum
939 1704 1163 1783 disciplimrum,
1183 1715 1246 1763 tum
1260 1704 1306 1766 di·

216 1800 292 1859 vinae
306 1799 478 1861 Mathcneos
498 1798 528 1857 in
547 1798 646 1878 primis
665 1797 812 1857 studiosus
831 1815 898 1857 esse
909 1796 1033 1857 dicitur:
1054 1806 1086 1857 et
1104 1795 1198 1857 altero
1216 1795 1307 1857 fratre

219 1893 380 1964 Homerico,
405 1892 593 1953 adolescente
614 1889 727 1949 summi
740 1889 858 1968 ingenii,
882 1900 915 1950 et
933 1888 1048 1969 optimis
1068 1888 1180 1960 modiis,
1200 1906 1308 1967 magna

216 1985 368 2045 modestim
380 1985 468 2054 lama,
483 1980 671 2052 deditissimo,
685 1981 846 2061 patrocinio
859 1981 1013 2061 complecti
1027 1993 1058 2043 et
1070 1982 1170 2053 fovere
1181 2000 1241 2040 non
1253 1980 1307 2041 de·

215 2078 413 2157 dignaturum.
455 2074 599 2153 Equidem
611 2092 708 2154 spero,
718 2094 767 2135 rue
779 2074 923 2135 haetenus
933 2092 998 2134 eam
1009 2074 1077 2133 vitta
1087 2073 1307 2153 studiorumque

217 2170 357 2229 rationem
369 2178 400 2227 et
412 2176 543 2227 secutum
557 2184 632 2239 esse,
643 2178 684 2237 et,
698 2168 796 2246 quoad
808 2168 920 2240 vixero,
929 2178 1108 2237 secuturum,
1121 2176 1155 2225 ut
1168 2165 1307 2246 quiequid

216 2259 247 2319 iu
260 2254 317 2329 me',
331 2277 385 2337 pro
399 2258 572 2319 liberalitate
582 2268 678 2319 vestra
689 2270 719 2317 et
731 2258 910 2320 humanitate
922 2257 1112 2327 contuleritis,
1125 2257 1157 2315 id
1172 2276 1232 2317 non
1243 2268 1306 2319 tans

219 2350 288 2411 mihi
299 2350 504 2424 necessarium,
516 2368 604 2430 quam
618 2349 699 2413 vobis
709 2350 898 2412 honorificum
910 2349 1000 2411 fuisse
1014 2348 1160 2411 videatur.

658 2602 722 2679 'Ar
740 2619 850 2679 aare„

481 2770 814 2849 HIERONYMI
839 2770 1043 2849 WOLFII

418 2946 455 3007 Ia
474 2946 689 3008 Dernostlenicoe
708 2950 887 3011 conomnom's
905 2949 1114 3030 recognitionem

695 3052 839 3133 Prafnts'o.

261 3180 415 3241 Evnuraa
430 3180 570 3251 videmus,
581 3181 623 3239 vir
637 3178 881 3260 praestantissime,
893 3178 1021 3238 Domine
1030 3186 1192 3257 etpatrone
1206 3181 1306 3241 obses·-

220 3274 324 3346 nande,
338 3274 438 3335 nescio
458 3293 517 3353 quo
536 3274 596 3335 sire
616 3272 766 3331 bominum
786 3268 903 3340 affectu,
917 3269 978 3330 sire
996 3269 1083 3349 penio
1103 3268 1251 3345 librorum,
1273 3284 1309 3333 us

220 3366 329 3427 aliivel
347 3378 415 3428 ante
435 3386 504 3428 suos
523 3376 640 3427 autores
660 3362 829 3433 moriantur,
849 3362 898 3421 alii
919 3361 1023 3421 itanum
1044 3371 1131 3440 atque
1151 3362 1256 3423 iterum
1276 3375 1308 3425 et

220 3460 325 3539 saepius
338 3461 443 3533 reensi,
453 3460 491 3520 ad
504 3456 680 3538 posteritatis
694 3454 861 3515 memoriam
871 3464 1080 3534 propagentur.
1106 3454 1228 3534 Neque
1239 3456 1306 3517 brec

219 3562 327 3613 nostrae
339 3552 481 3613 dunmxat
489 3550 582 3611 oetatis
593 3547 723 3611 conditio
736 3557 790 3619 est,
804 3548 860 3609 sed
872 3546 998 3608 omnium
1011 3556 1189 3627 temporumr
1208 3567 1307 3629 nequa

220 3664 320 3707 emum
334 3644 528 3724 scriptionum,
542 3660 614 3721 quas
634 3660 690 3702 suo
702 3641 824 3720 quisque
840 3640 960 3721 ingenio
978 3640 1103 3720 perficit,
1119 3642 1175 3703 aed
1196 3642 1307 3703 illarum

219 3737 318 3809 etiarm
332 3756 397 3816 qua
417 3756 454 3797 ex
466 3734 625 3817 peregrinis
639 3734 745 3812 linguis
757 3734 788 3792 in
800 3734 872 3795 alies
882 3733 1104 3798 mansieruntur.
1146 3734 1195 3795 Sic
1209 3747 1307 3797 antem

218 3828 413 3897 ,diuturnitatis
423 3839 454 3891 et
463 3826 678 3909 propagationis
691 3826 790 3905 scripti
803 3832 942 3905 cujusque
956 3828 1193 3906 certissimaspes
1205 3839 1261 3901 est,
1273 3839 1308 3889 nt
1434 3905 1438 3913 Ι

217 3922 450 3982 consentientem
463 3919 625 3981 seculorum
639 3918 878 3998 approbationem
891 3918 1029 3979 emeruit:
1050 3938 1086 3980 ac
1101 3919 1132 3993 ii,
1144 3930 1208 3979 tom
1220 3930 1307 4001 typo·

217 4012 329 4095 grnphi,
343 4024 404 4073 tum
416 4012 589 4092 bibliopoloe,
603 4013 663 4073 suis
673 4010 840 4085 rationibus,
850 4022 883 4071 ut
894 4031 951 4071 non
962 4012 991 4071 in
1000 4012 1155 4091 presentia
1168 4015 1247 4088 (narn
1255 4014 1309 4073 bo-

217 4106 326 4167 minum
338 4094 479 4185 imperitia
490 4116 522 4165 et
532 4104 692 4165 vanissime
701 4104 837 4169 norimtis
846 4104 975 4165 studium
985 4104 1099 4165 veritati
1109 4124 1189 4185 sapa
1199 4107 1307 4185 obstat)

218 4212 317 4261 nmen
328 4198 366 4258 sd
375 4196 588 4259 diuturnitatem
597 4198 706 4278 optime
718 4197 871 4257 consulere
881 4196 1024 4267 ridentur,
1038 4198 1087 4276 qui
1099 4197 1307 4262 vetmt‘usimos

218 4310 351 4373 quosque
364 4302 489 4362 autores,
503 4310 625 4371 quorum
646 4300 819 4371 perspectus
833 4300 879 4350 est
894 4289 956 4369 ipsa
971 4301 1058 4352 etate
1071 4292 1184 4371 genius,
1197 4292 1252 4355 sibi
1265 4296 1308 4355 is·

216 4382 342 4447 rniliares
347 4382 547 4447 reddiderunt.
588 4382 694 4465 Neque
707 4400 777 4443 vero
790 4398 842 4459 eos
856 4382 999 4463 improbo,
1011 4384 1061 4464 qui
1070 4402 1146 4447 nova
1158 4386 1306 4465 quasdam
