2984 4917
226 364 369 431 clxxxviii
568 362 732 427 RElSKII
757 363 989 432 ramatum,

225 516 278 589 vit,
292 526 324 577 nt
337 536 423 597 pane
432 515 583 586 furiosum,
595 516 871 586 incomuurumum
882 532 976 599 certe,
990 540 1023 583 ae
1033 518 1168 602 pexerit,
1177 521 1348 606 fidemque..

227 626 310 671 anam
323 628 440 693 omnem
454 608 600 671 everterit.
642 610 847 695 Apo'atrophoa
865 627 946 679 amat
964 616 1016 677 illa
1029 614 1128 677 codex
1142 626 1176 677 ut
1189 620 1265 679 νῶτ’
1277 638 1336 697 prm

227 712 327 774 ταῦτα,
349 704 405 763 ἐπ’
425 722 478 783 pro
497 703 564 775 ἐστὶ,
579 713 639 765 ete.
679 704 781 786 Legea
802 716 833 769 et
851 709 1029 781 teatimonia,
1051 708 1185 771 formu'lae
1202 710 1333 790 deniquo

227 792 376 874 pleraque
390 792 601 857 desiderantur.
642 798 710 863 Quo
724 798 768 869 lit,
782 810 817 861 nt
831 818 975 881 nequem
988 800 1118 881 Tayloro
1136 803 1272 863 arcentiri
1285 804 1334 865 afa

227 885 354 947 firmanti
368 887 579 953 Barocoiannm
599 900 631 951 ct
653 889 817 953 Parisiorum
839 894 976 973 primum,
996 894 1028 955 in
1047 893 1176 975 plurimis
1191 896 1272 974 Aug.
1286 916 1335 975 pr.

228 980 458 1055 consentientes,
472 1002 509 1043 ex
523 982 631 1043 eodem
645 983 727 1045 fonte
741 984 860 1047 hanatoa
879 1006 955 1050 eaae.
969 1002 1038 1047 nam
1052 1006 1119 1067 quoe
1130 986 1265 1065 formulae
1279 989 1335 1050 de-

229 1082 298 1133 uant
322 1074 509 1153 Augustano,
531 1094 575 1135 ear
597 1086 666 1135 aunt
686 1076 717 1135 in
738 1077 805 1139 illia.
845 1078 1021 1141 Lectionum
1041 1080 1129 1155 haja
1151 1080 1261 1143 codicia
1283 1080 1336 1145 rix

229 1163 346 1225 tertiam
359 1176 473 1245 partem
488 1164 571 1227 dedit
585 1166 677 1239 Wolf,
691 1187 743 1231 ten
758 1170 840 1249 quod
854 1171 956 1232 Simon
969 1172 1121 1233 Fabricina
1140 1192 1191 1235 eoa
1211 1184 1336 1252 protere

230 1255 314 1329 vidit,
338 1276 391 1317 aen
410 1258 490 1341 quod
503 1256 596 1331 Wolf,
610 1278 629 1321 a
643 1260 778 1323 Fabricio
791 1273 936 1333 enotataa,
950 1263 1103 1343 expunxit,
1115 1264 1207 1336 lovea,
1229 1274 1260 1325 et
1272 1266 1337 1327 adi«,

232 1349 313 1409 tione
323 1349 458 1429 indignae
467 1351 616 1429 judicant.
658 1352 744 1433 Saepe
755 1374 871 1435 quoque
885 1354 1010 1417 salomei
1023 1355 1191 1435 imputavit,
1203 1357 1336 1437 quiaquia

230 1440 297 1511 fnit,
308 1460 360 1503 seu
375 1443 533 1516 Fabricius,
547 1462 601 1505 eeu
617 1444 708 1519 Wolf,
720 1466 774 1509 reu
787 1466 886 1527 opere
901 1446 1117 1527 Epiaoopianaa.
1150 1448 1236 1529 Sepe
1248 1470 1336 1513 auum

233 1534 271 1594 de
284 1533 342 1599 illia
353 1534 496 1613 judicium
507 1536 691 1616 interposuit,
706 1558 765 1599 non
778 1538 940 1613 Fabricius,
958 1539 1013 1601 aed
1027 1539 1120 1601 walt.
1161 1540 1248 1621 Saepe
1261 1562 1337 1621 quo·

233 1644 291 1706 que
317 1646 383 1687 auae
408 1633 594 1707 conjecturae
617 1630 783 1693 immiscuit.
825 1632 1019 1711 conjecturae
1043 1631 1179 1693 lectionis
1203 1633 1339 1697 varietati

233 1716 413 1781 Fabricianoe
427 1720 577 1795 immistae,
591 1732 642 1783 aut
654 1742 767 1795 omnes,
787 1735 840 1785 aut
851 1723 1018 1803 pleraeque,
1032 1742 1051 1783 a
1064 1722 1174 1785 Wolfio
1185 1724 1338 1804 prosector

232 1828 308 1883 erae,
323 1810 498 1873 documento
511 1824 557 1875 est
578 1814 661 1875 loona
679 1814 709 1877 in
729 1826 805 1877 orat.
826 1815 857 1881 in
871 1814 1055 1877 Leoclrarem
1068 1836 1098 1895 p.
1112 1820 1184 1879 618.
1197 1821 1229 1879 6.
1241 1817 1292 1879 ubi
1305 1817 1339 1879 in

232 1904 360 1967 lectione
375 1906 549 1969 Fabriciana
561 1920 593 1967 et
606 1906 637 1967 in
651 1912 796 1969 annotatt.
816 1908 970 1969 Wolfiaoie
984 1907 1088 1969 eadem
1106 1908 1252 1987 profertur
1264 1928 1338 1969 oon·

102 2026 106 2033 ·
229 2002 356 2082 jectnra'.
391 2002 552 2065 Lectionea
571 2002 636 2062 ilina
650 2021 669 2062 a
682 2001 793 2063 Wolfio
813 2002 991 2086 editaacurn
1012 2012 1179 2073 tractarem.
1192 2021 1272 2081 ⁸290
1284 2001 1339 2063 ἦθ’

232 2093 294 2165 bat,
318 2104 352 2153 ut
377 2094 463 2155 aedae
485 2114 598 2173 earum,
622 2094 739 2155 tametsi
764 2095 834 2156 totio
853 2095 932 2156 haria
955 2114 1100 2175 querens,
1125 2094 1254 2175 reperire
1277 2114 1339 2157 non

232 2204 358 2264 portem.
400 2186 501 2267 Coepit
521 2186 622 2266 itaque
635 2206 683 2248 me
697 2187 875 2249 deciderium
895 2187 1058 2268 usurpandi
1071 2188 1158 2263 hujus
1170 2186 1292 2265 codicia,
1303 2198 1340 2247 ut

233 2275 329 2339 taltim
343 2276 459 2349 sciram,
473 2298 533 2359 quo
546 2278 635 2339 lectio
649 2300 775 2360 qumque
787 2280 946 2341 referenda
958 2290 1047 2342 earet.
1083 2280 1144 2341 Sed
1157 2279 1250 2339 multo
1264 2278 1339 2341 ube·

234 2367 341 2435 riorem
354 2370 407 2428 tuli
420 2370 545 2429 frumnm
565 2371 652 2450 hujur
667 2372 787 2444 codicia,
801 2384 835 2433 ut
849 2392 886 2433 eo
898 2392 963 2433 eum
974 2372 1095 2453 potitura.
1138 2370 1244 2433 Statim
1258 2370 1338 2435 anim

130 2472 138 2485 “
233 2458 304 2519 mihi
314 2460 454 2533 conatitit,
466 2461 605 2522 Wolfium
619 2482 672 2523 reu
685 2464 819 2524 neaeiaae
828 2482 867 2525 eo
875 2472 958 2525 recte
970 2463 1025 2535 uti,
1039 2482 1092 2524 reu
1105 2461 1147 2523 nii
1160 2480 1293 2540 emmae,
1305 2473 1340 2525 et

234 2550 307 2611 eliae
326 2552 500 2630 reconditor,
514 2552 585 2615 aliae
604 2554 682 2615 mala
701 2554 762 2615 fide
782 2554 890 2633 egicae.
930 2556 1117 2634 Quamquam
1138 2564 1257 2633 egomet
1275 2554 1340 2633 ipae

234 2660 336 2705 vereor
353 2663 391 2704 ne
408 2646 503 2705 multa
516 2663 612 2705 meam
630 2644 825 2705 attentionem
837 2645 1006 2718 fefellerint,
1026 2646 1059 2705 in
1071 2646 1129 2707 iata
1140 2646 1339 2711 tatarum.

236 2736 419 2799 collationem
434 2738 512 2798 enim
525 2738 612 2814 hqiur
627 2736 735 2797 codicia
748 2735 869 2797 ineunte
880 2736 964 2797 Maio
979 2739 1020 2798 A.
1035 2739 1126 2802 1767.
1136 2748 1262 2817 mptum
1274 2757 1340 2799 ror·

235 2838 326 2909 gente
341 2830 478 2910 Augusto
492 2830 625 2907 ejusdem
639 2828 706 2891 anni
720 2828 840 2891 abaolvi.
851 2833 947 2909 nequa
959 2828 1025 2891 fieri
1037 2838 1137 2908 potent
1145 2829 1238 2892 aliter.
1251 2848 1341 2913 nega·

237 2932 299 2986 tum
320 2932 366 2983 eat
383 2922 504 2995 homini,
525 2932 560 2981 ut
581 2922 679 2983 omnia
695 2931 808 2993 cernat,
829 2921 947 2981 utnihil
969 2920 1157 2999 enmfugiat,
1175 2922 1342 3001 pracerum

237 3013 295 3077 alio
304 3013 496 3095 praelegente,
506 3013 558 3074 ubi
567 3014 667 3073 multae
676 3010 1200 3092 annitimilitudineaindiplttlrongia,
1210 3012 1241 3073 in
1250 3013 1341 3079 literit

238 3105 370 3184 ejusdem
388 3106 461 3179 coni,
474 3115 508 3167 ut
521 3128 536 3164 o
549 3118 582 3165 et
593 3130 625 3175 a,
640 3104 657 3165 d
670 3115 736 3177 etr,
751 3123 837 3165 aurea
849 3104 973 3174 totunm
994 3106 1064 3165 itero
1077 3104 1103 3167 ai
1115 3105 1218 3167 audica
1236 3106 1341 3185 legen·

239 3206 300 3257 tem
316 3200 539 3276 ἁναλισκόμενον
560 3216 587 3257 e.
608 3216 635 3256 o.
658 3202 717 3255 non
736 3196 832 3275 poeria
852 3214 924 3257 aure
944 3196 1145 3261 intemorcere
1166 3198 1262 3259 ainme
1280 3199 1341 3261 ‹loo

238 3288 294 3361 iata
312 3288 464 3359 vocabula,
485 3290 523 3347 ἃν
542 3290 738 3365 ἁλισκόμενον,
759 3306 798 3347 an
817 3305 907 3347 unum
926 3288 1120 3351 rolnmmodo.
1137 3290 1217 3351 bona
1239 3301 1342 3355 tamen

239 3380 300 3451 fide
313 3400 479 3441 asseverare
492 3398 610 3460 poeauru
624 3398 672 3439 me
686 3380 778 3460 multo
790 3390 823 3442 et
843 3382 1081 3462 copiosioremet
1092 3381 1255 3445 fideliorem
1267 3384 1342 3449 doro

240 3474 349 3535 codicia
368 3473 536 3553 Augurtani
550 3471 747 3544 collationem,
761 3492 849 3553 quam
862 3474 901 3533 ad
919 3474 978 3533 hoe
991 3474 1050 3534 diei
1070 3474 1225 3536 haudmar
1239 3475 1341 3536 Wolfii

240 3565 395 3627 beneficio.
435 3568 504 3631 Jam
520 3564 630 3627 dudum
652 3574 721 3625 ante
742 3564 814 3626 milri
833 3566 1004 3629 constiterat
1016 3584 1035 3627 e
1049 3565 1243 3629 Conatantino
1261 3586 1341 3640 meo,

240 3678 328 3737 qnam
352 3660 502 3741 expediat,
525 3677 544 3718 a
565 3656 686 3719 diversio
708 3658 828 3717 eoadem
848 3658 1031 3730 membranae
1051 3657 1156 3717 iterum
1177 3648 1341 3737 iterumque

242 3752 352 3811 excuti.
395 3752 471 3811 Eum
485 3760 554 3811 enta
574 3768 622 3811 rue
635 3759 765 3829 caeperat
776 3749 867 3813 edere
881 3750 907 3810 1.
921 3750 965 3812 H.
979 3749 1120 3811 Leichiua
1135 3750 1172 3809 V.
1186 3750 1223 3810 c.
1237 3761 1268 3809 at
1280 3752 1342 3817 vita

242 3843 422 3905 diuturniore
433 3844 548 3923 dignun.
590 3841 649 3903 Sed
662 3842 741 3905 haud
751 3862 846 3923 pauca
858 3843 889 3903 in
903 3862 940 3903 ea
948 3853 1034 3922 parte
1044 3842 1240 3914 Constantini,
1252 3860 1342 3923 qnam

243 3936 345 4007 edidit,
359 3947 564 4008 temeraverat,
576 3936 633 3997 alia
646 3936 794 3999 omiserat
807 3936 888 4016 qnod
898 3934 1078 4015 deprehendi
1087 3935 1254 4021 exemplum
1264 3937 1342 4017 typia

243 4048 384 4091 excusum
397 4030 437 4093 nd
448 4030 633 4091 membranae
645 4028 723 4108 iprae
737 4029 868 4110 erigena.
907 4028 957 4091 Ab
971 4046 1009 4087 eo
1021 4040 1154 4107 tempore
1168 4028 1245 4108 coepi
1257 4030 1343 4091 colli·

243 4142 314 4201 gere
325 4122 463 4203 exempla
472 4122 622 4193 librorum,
636 4120 686 4199 qui
702 4138 770 4181 cum
780 4132 880 4183 eaaent
893 4140 912 4181 e
924 4120 1100 4182 membranis
1113 4120 1244 4199 primitur
1258 4122 1343 4196 editi,

242 4216 265 4273 ai
280 4214 454 4295 poateriorea
469 4233 520 4275 eoa
533 4212 572 4272 ad
586 4211 705 4273 eaedem
719 4214 912 4286 membranae,
925 4211 1005 4274 unde
1018 4224 1118 4275 errent
1131 4212 1214 4285 editi,
1227 4214 1344 4293 exegit·

245 4320 321 4379 aaut,
333 4308 436 4369 'multae
455 4304 520 4369 aliea
539 4316 570 4369 et
584 4304 676 4365 multo
696 4303 830 4367 melioret
843 4304 986 4365 lectiones
998 4324 1037 4367 ex
1048 4304 1151 4365 iiadcm
1165 4306 1342 4375 membrania

245 4412 343 4461 essent
355 4402 484 4481 prolatae.
527 4399 664 4463 adeatur
676 4396 798 4457 Fabricii
809 4397 844 4457 B.
858 4396 950 4457 (1.1.
965 4397 1019 4457 Xl.
1033 4416 1062 4475 p.
1078 4402 1146 4461 119.
1159 4396 1211 4458 fin.
1225 4407 1256 4457 et
1271 4402 1341 4463 121,

244 4494 295 4554 fin.
310 4494 348 4555 de
363 4494 452 4556 Proto
466 4494 499 4573 ¹in
514 4490 677 4583 appendice
697 4489 829 4554 necundo
841 4488 881 4551 ad
897 4488 1053 4579 Sulpitiunr
1066 4488 1207 4551 Severum
1221 4490 1343 4572 protth
