2984 4917
192 277 274 342 cxciv
536 275 697 340 RElSKII
719 273 942 336 PRAEFATIO

194 455 254 515 quo
265 452 333 494 usus
347 445 392 494 ert
402 432 587 514 Sylburgius,
598 453 651 495 seu
663 431 826 514 quicunque
840 427 1033 510 appendicem
1041 425 1295 497 Francsurtnnmn,

195 547 276 588 ame
291 528 334 586 sic
347 527 464 598 dictem,
480 528 603 588 curavit.
625 525 741 587 Desinit
755 524 804 584 illa
817 523 936 584 collatio
956 523 986 582 in
1004 541 1090 584 versu
1111 519 1242 580 secundo
1261 529 1294 597 p'.

196 624 267 682 520.
280 619 413 680 editionis
436 620 586 682 Parisinae.
628 619 701 680 Inde
721 636 814 696 usque
836 615 875 676 ad
895 614 1049 676 funebrem
1070 613 1231 676 orationem
1252 610 1297 671 nil

198 721 366 774 mnoutum
380 712 420 774 ibi
434 712 539 793 reperi.

593 995 723 1084 secu.
742 991 906 1084 'xxnn

309 1189 357 1250 De
368 1189 530 1260 rationibus,
544 1197 731 1267 quaereretur
741 1207 801 1247 rum
811 1189 841 1248 ia
854 1187 1149 1260 edeachemortbeae,
1163 1197 1192 1247 et

482 1282 678 1342 commentariis
689 1281 719 1340 in
732 1300 795 1376 erm
803 1281 1009 1342 conscribendis.

244 1436 307 1496 Hm
315 1435 396 1496 fuere
410 1435 480 1495 milii
493 1436 587 1515 copim
600 1437 638 1497 sd
651 1455 754 1499 manus
768 1437 927 1498 editionem
938 1436 1016 1497 hanc
1030 1435 1118 1498 Dens.
1133 1430 1300 1503 edomanti,

204 1527 309 1608 quibus
323 1527 413 1608 copiis
427 1529 574 1605 quomodo
596 1529 650 1588 sim
670 1548 751 1602 usus,
772 1529 929 1590 dicendum
949 1528 1021 1587 mihi
1040 1546 1119 1587 nunc
1138 1536 1193 1587 eat.
1233 1524 1298 1584 Pri·

203 1638 284 1680 mum
307 1619 416 1679 contuli
437 1620 490 1680 hos
513 1621 632 1680 codices
652 1640 739 1680 manu
761 1631 907 1694 exaratos,
927 1631 959 1680 et
972 1620 1034 1691 bas,
1049 1637 1122 1698 quas
1136 1617 1207 1687 dixi,
1221 1616 1302 1695 typis

204 1710 338 1788 uulgatus
359 1710 501 1770 editiones
519 1731 586 1770 cum
600 1711 728 1771 editione
742 1710 907 1783 Parisiensi,
922 1723 953 1771 et
967 1731 1032 1791 qum
1052 1712 1138 1770 bouue
1153 1709 1301 1788 genuine·

202 1822 260 1883 que
274 1802 441 1863 viderentur
455 1803 605 1874 lectiones,
620 1823 671 1863 eas
686 1803 798 1884 recepi,
806 1803 1010 1864 vetustioribus
1023 1803 1118 1882 pravis
1128 1802 1303 1862 lectionibus

205 1895 362 1974 abrogatis.
412 1894 581 1956 Bavaricum
603 1895 734 1956 codicem
757 1906 789 1954 et
811 1897 1017 1974 Augustauum
1037 1895 1199 1955 secundum
1220 1893 1303 1954 aolus

206 1987 327 2059 contuli,
350 1986 475 2064 reliquos
499 2007 645 2048 unacum
670 2005 772 2059 uxore,
797 1987 957 2048 Ernestina
979 1987 1127 2049 christina
1150 1986 1302 2056 Mulieris,

207 2079 432 2156 Kembergensi,
445 2097 533 2158 quam
553 2090 715 2139 matronam
729 2080 868 2160 pudicam
883 2089 915 2139 et
926 2079 1013 2158 frugi,
1028 2079 1143 2157 meique
1157 2088 1188 2138 et
1200 2079 1302 2138 literu-

205 2168 300 2231 larum
314 2189 445 2230 mearum
459 2182 614 2242 amantem,
629 2171 658 2229 in
672 2170 729 2231 hoc
741 2191 831 2250 opere
845 2170 1013 2231 industriam
1024 2182 1055 2231 et
1068 2171 1206 2231 solertem
1215 2169 1305 2229 habui

207 2261 327 2322 sociam.
350 2261 453 2322 Studio
463 2263 531 2334 mei,
542 2283 601 2340 quc
610 2261 725 2322 labores
736 2263 877 2342 plurimos
885 2264 1085 2341 maximosque
1099 2263 1129 2322 in
1139 2263 1198 2324 hoc
1212 2281 1304 2342 opere

207 2353 280 2412 mihi
296 2353 465 2414 tolerandos
486 2355 661 2426 sublevaret,
675 2357 773 2417 literas
794 2375 906 2436 graecas
925 2367 957 2416 et
976 2357 1079 2416 ludum
1099 2375 1147 2416 me
1166 2357 1304 2435 magistro

208 2444 298 2524 erepit
317 2444 441 2520 discere,
455 2466 574 2527 quarum
587 2448 665 2508 rudis
679 2448 750 2506 mihi
762 2449 792 2507 in
807 2467 924 2508 manum
938 2459 1124 2510 convenerat.
1150 2448 1305 2509 Editionee

207 2537 345 2598 Aldiuam
359 2549 390 2598 et
406 2538 557 2599 Paulinam
575 2541 639 2620 ipsa
656 2541 719 2600 sola
733 2539 867 2600 contulit.
880 2559 938 2607 nec
952 2560 1011 2599 non
1025 2540 1156 2600 codicem
1169 2551 1306 2618 quartum

210 2633 429 2711 Augustanum,
449 2633 486 2692 ln
505 2632 681 2711 digerendis,
696 2632 931 2710 mundandisque
944 2644 975 2692 et
988 2631 1168 2713 impressioni
1188 2645 1306 2693 aecum·-

207 2724 360 2788 modandis
376 2724 516 2786 chartulis
537 2725 609 2786 meis
632 2724 762 2785 confusis
785 2744 905 2804 operam
927 2725 997 2784 mihi
1024 2724 1157 2804 prostitit
1176 2723 1307 2784 indefes·

209 2835 281 2894 sam.
295 2821 377 2894 cujus
391 2837 490 2897 operm
502 2828 536 2877 ut
548 2837 605 2898 ego
626 2817 680 2897 ipsi
700 2816 840 2877 maximas
853 2817 951 2877 babeo
971 2835 1088 2896 egoque
1108 2816 1226 2896 publice
1240 2835 1306 2894 gra·

208 2908 274 2982 lira,
289 2909 330 2969 ita
342 2929 428 2990 spero
447 2910 574 2970 futurum
599 2920 633 2969 ut
645 2921 716 2970 aetes
727 2929 844 2991 quoque
857 2921 888 2970 et
899 2911 963 2970 hrec
976 2922 1084 2981 nostra,
1105 2919 1137 2970 et
1157 2911 1307 2970 insecuta

209 3021 262 3071 ree,
287 3002 457 3064 memoriam
480 3003 543 3081 ejus
563 3014 648 3082 grata
667 3002 871 3063 recordatione
891 3002 1032 3062 recolant.
1073 3001 1306 3062 Pronuntiationi

210 3113 376 3172 grecorum
390 3095 568 3156 Erasmianre
584 3115 649 3155 cum
663 3115 728 3155 eam
750 3093 986 3165 adsuefecissem,
1004 3094 1138 3174 praelegit
1157 3094 1208 3154 ille
1223 3093 1304 3164 mihi,

209 3185 326 3244 codices
348 3197 438 3245 matos
458 3186 611 3264 relegenti,
626 3185 793 3264 exemplum
808 3185 1024 3244 Motellianum.
1064 3185 1113 3245 lta
1126 3185 1244 3263 quoties
1260 3203 1307 3243 oc·
1372 3174 1377 3186 ⁴

211 3287 344 3336 curreret
357 3277 490 3348 varietas,
504 3297 568 3356 quse
581 3297 638 3335 non
652 3275 737 3354 plene
752 3276 920 3356 spernenda
931 3275 1089 3352 rideretur,
1100 3295 1164 3338 eam
1179 3273 1311 3336 euocari.

210 3367 343 3448 perlecta
357 3368 510 3428 collatione
528 3369 603 3448 coepi
616 3369 757 3427 lectiones
771 3369 834 3427 illas
848 3386 949 3427 omnes
963 3368 1106 3448 digerere,
1122 3379 1153 3426 et
1166 3386 1255 3428 uuum
1275 3367 1307 3425 iu

209 3460 312 3520 librum
333 3460 504 3521 variantium
526 3459 669 3530 conferre,
682 3459 788 3537 quibus
804 3459 903 3519 addidi
917 3479 976 3530 ens,
991 3481 1063 3541 quas
1077 3459 1196 3540 Taylori
1216 3459 1309 3519 editio

211 3553 425 3634 suppeditabat,
445 3572 501 3612 nec
515 3572 574 3611 non
598 3551 689 3610 editio
704 3550 859 3620 Wolfiana,
883 3563 913 3611 et
935 3553 1046 3612 indices
1067 3551 1144 3625 Aldi,
1168 3549 1308 3622 Manutii,

211 3645 357 3706 Lambini.
398 3647 433 3704 lu
453 3643 511 3705 hac
533 3663 633 3724 opera,
658 3642 829 3702 incredibile
847 3643 928 3703 dictu
950 3653 1005 3714 est,
1023 3663 1109 3723 quam
1131 3643 1257 3703 molesta
1276 3653 1310 3702 et

212 3738 342 3808 tediosa,
357 3738 421 3817 plus
436 3757 542 3796 annum
558 3735 714 3796 consumsi.
759 3735 911 3795 Ridebunt
937 3755 984 3794 me
1004 3735 1141 3814 imperiti,
1161 3734 1210 3815 qui
1232 3754 1309 3793 ern·

212 3849 344 3890 mucram
370 3841 400 3889 et
423 3829 616 3889 miserabilem
637 3827 701 3907 ipse
724 3827 795 3886 mihi
814 3827 943 3888 laborem
968 3827 1097 3888 literulas
1120 3826 1309 3888 consectandi

212 3921 408 4001 imposuerim.
422 3941 494 4001 quos
505 3929 563 4000 ego
572 3921 697 3980 vicissim
710 3931 867 3981 contemno
880 3932 911 3980 et
929 3913 1050 3982 misero?
1063 3941 1147 3982 urum
1161 3933 1193 3982 et
1204 3939 1311 3982 neces·

211 4015 327 4076 ritatem
339 4014 425 4090 hujus
446 4015 490 4074 rei
509 4015 686 4074 nescientes.
727 4013 847 4074 Fundus
870 4012 919 4072 hic
942 4025 988 4074 est
1007 4015 1132 4094 optimus
1152 4025 1185 4075 et
1206 4013 1312 4096 praeci·

211 4127 289 4190 puus
305 4105 553 4167 emendandcmm
567 4117 699 4166 veterum
714 4117 877 4166 auctorum.
919 4105 1056 4168 Editores
1068 4117 1200 4167 veterum
1222 4106 1311 4166 libro·

211 4211 277 4260 tum
299 4200 368 4259 hinc
388 4198 514 4279 incipere
528 4198 645 4259 debent.
687 4199 787 4258 Prima
799 4198 866 4257 baec
879 4198 970 4258 debet
983 4217 1085 4258 eorum
1100 4218 1166 4260 ease
1182 4218 1262 4270 cura,
1276 4210 1311 4258 ut

211 4305 304 4354 matos
318 4291 437 4354 codices
455 4303 570 4352 veteres
591 4293 676 4353 bones
690 4303 776 4362 ncta,
798 4292 882 4352 autsi
902 4291 948 4352 his
962 4303 1089 4364 careant,
1104 4293 1311 4355 vetustissimae

212 4385 306 4448 saltim
319 4385 461 4476 editiones
482 4383 669 4466 primigeniae
692 4383 845 4463 inspiciant
866 4383 985 4444 ernstio
1011 4385 1123 4461 ductas,
1146 4403 1242 4465 eoque
1264 4383 1311 4448 bic
