2984 4917
383 306 446 367 AD
468 302 837 369 SUUM'DEMOSTH.
858 304 1078 368 PRAEFATT.
1232 305 1280 367 lai

177 460 306 523 hm
319 455 447 533 desiset,
469 471 500 523 et
510 456 647 543 publice,
666 474 702 525 ut
721 460 818 543 spero,¹
828 462 908 524 utilis
919 460 1068 543 augendo
1078 459 1279 541 ornarique

179 552 300 613 illunis
319 553 514 615 Bibliotheca
530 566 637 615 vestu
657 568 689 616 et
700 556 812 615 subole
824 556 872 632 (iu
884 574 973 635 quam
984 573 1043 614 non
1055 554 1180 633 exiguos
1197 572 1276 613 sum·

178 645 350 723 msfscitis)
363 664 419 726 pro
431 646 505 707 virili
518 666 584 707 mee
592 648 715 707 tuendos
737 658 770 708 et
792 648 971 723 adjutandae,
984 646 1158 726 occupatio:
1177 664 1277 724 neque

179 738 297 797 dunc
308 749 339 798 et
352 735 465 818 scriptis
486 739 652 818 complures
672 758 725 819 per
744 740 894 819 Europam
912 739 1057 799 studiosus
1077 739 1282 799 adolescentes

180 828 333 889 enrdiendi
343 830 473 891 occano.
513 824 612 889 Multa
624 842 693 891 sunt
705 832 827 909 egregia
837 843 943 891 vestrm
956 831 1079 892 cirimtis
1091 842 1277 891 ornamentat

183 920 548 1000 Respublicaaequissime
565 923 841 1001 et-prudeutissime
862 926 1035 983 constituta:
1055 923 1173 1002 publica
1184 923 1279 1002 priva·
1337 982 1343 989 ,

183 1023 275 1091 tuque
295 1012 518 1092 magnificentia,
539 1012 729 1093 hospitalitas,
754 1016 915 1087 urbanitas,
935 1015 1129 1076 beneficentia
1147 1015 1179 1075 in
1198 1016 1278 1075 cives

185 1104 350 1166 mauras
371 1106 411 1166 de
428 1106 562 1167 omnibus
579 1108 657 1168 bene
678 1106 809 1169 merendi
830 1108 967 1178 studium,
987 1106 1111 1167 laedendi
1124 1107 1279 1179 neminem,

183 1197 239 1258 sisi
252 1199 504 1279 eispropulsanda
519 1198 575 1260 sit:
596 1212 700 1261 contra
719 1220 807 1279 quarn
820 1212 852 1261 et
873 1202 1027 1273 menibus,
1047 1214 1079 1261 et
1102 1200 1227 1270 auxiliis,
1248 1210 1280 1260 et

184 1300 363 1363 eumuneata,
376 1300 407 1349 et
421 1290 499 1350 omui
512 1310 656 1351 armorum
669 1312 789 1371 genere,
806 1292 848 1352 ita
865 1293 958 1371 parati
975 1305 1008 1352 et
1024 1293 1127 1353 muniti
1145 1292 1225 1363 estis,
1244 1303 1280 1351 ut

185 1400 284 1460 neque
298 1381 448 1443 lacertus
462 1400 637 1461 quenquam
649 1395 681 1443 et
694 1384 767 1443 nibil
786 1384 888 1463 magis,
902 1404 989 1463 quam
1002 1404 1114 1464 pacem,
1129 1382 1280 1443 concordi·

187 1490 247 1541 sm,
258 1472 506 1551 tranquillitatem,
531 1474 673 1533 bonorum
690 1474 823 1534 umm‘um
841 1476 996 1536 amicitiam
1007 1477 1082 1538 sotis
1094 1496 1131 1537 ac
1143 1477 1280 1556 precibus

190 1584 210 1623 s
222 1563 292 1624 Dec
303 1564 375 1643 Opt.
388 1565 478 1626 Max:
492 1566 647 1646 expetatis.
686 1569 763 1634 Quas
776 1568 892 1629 mmetsi
905 1570 1065 1641 excellunt,
1079 1580 1111 1629 et
1123 1569 1217 1649 magis
1236 1570 1281 1629 iu·

185 1667 312 1731 currunt
319 1656 350 1715 in
359 1658 486 1737 cujusvis
499 1660 614 1737 geneda
633 1658 783 1719 bominum
797 1662 899 1720 oculu
917 1673 950 1721 et
962 1682 1082 1723 nosue:
1102 1674 1201 1723 temen
1213 1682 1280 1723 eru·

183 1748 242 1809 diti
253 1748 317 1821 riri,
331 1761 362 1810 st
381 1750 478 1811 omnia
490 1770 562 1811 sero
578 1751 691 1830 judicio
709 1752 918 1832 ponderantes,
937 1753 1008 1812 illud
1025 1772 1087 1812 non
1108 1755 1137 1811 in
1156 1754 1281 1815 minimis

186 1840 291 1901 sutrio
301 1841 440 1901 laudibus
449 1852 571 1921 ponuat,
580 1844 671 1922 quod,
684 1854 718 1902 ut
731 1844 801 1903 olim
811 1844 945 1916 Athene,
958 1842 1149 1914 Alexandria,
1161 1846 1280 1919 Tarsum,

187 1930 326 2013 Berytus,
338 1944 372 1993 et
387 1945 488 1995 nostre
507 1945 605 2006 etate,
620 1936 764 2009 Bononia,
775 1936 907 2007 Lutetia,
923 1936 1097 2015 Argentina,
1117 1937 1282 2015 complmes

186 2024 261 2085 alise
272 2026 400 2101 illustres
418 2026 559 2099 civitates,
573 2026 668 2087 Musis
684 2028 773 2089 etiam
786 2039 819 2088 et
832 2027 950 2100 Gratiis,
964 2028 1020 2087 buc
1030 2038 1088 2100 est,
1100 2027 1237 2087 studiosis
1249 2040 1284 2089 et

185 2118 283 2179 doctis
292 2118 457 2179 bominrlsus
470 2118 500 2177 in
510 2117 617 2190 resne,
626 2138 697 2179 vere
709 2130 836 2199 augusta
847 2122 930 2191 urbe,
941 2138 1000 2179 uon
1012 2120 1169 2199 hospitium
1182 2121 1281 2193 modo,

186 2210 244 2270 sed
256 2210 433 2271 domicilium
447 2212 534 2272 amm
548 2230 614 2272 esse
626 2212 771 2273 voluistis.
812 2211 876 2272 Etsi
894 2222 992 2271 autem
1011 2230 1072 2273 non
1092 2212 1204 2290 ignoro,
1215 2232 1283 2275 ccu-

188 2302 273 2380 qneri
290 2303 406 2373 multos,
419 2322 516 2383 neque
529 2304 661 2365 fortassis
674 2304 787 2383 absque
800 2320 898 2376 eausa,
910 2315 974 2363 tum
984 2304 1024 2363 de
1036 2304 1164 2365 moribus
1177 2304 1282 2367 doctuss

188 2412 254 2455 rum
262 2395 442 2473 quorundam
452 2394 544 2456 minus
555 2396 682 2475 probans
691 2416 699 2455 τ
709 2408 785 2467 tum,
792 2395 1012 2457 scribendorum
1021 2396 1160 2455 librorum
1168 2398 1283 2460 nullum
1376 2420 1381 2430 ·

186 2504 253 2547 esse
265 2486 365 2559 finem,
378 2506 502 2566 quorum
513 2486 643 2567 plerique
656 2486 726 2547 nihil
738 2488 794 2548 nisi
813 2498 865 2548 aut
882 2489 1002 2567 ingenis
1019 2500 1174 2569 occupent,
1195 2490 1284 2551 rebus

168 2634 171 2641 ,
188 2581 357 2642 melioribus
369 2594 517 2653 vacatura,
539 2594 590 2643 eut
603 2581 826 2661 Rempublicam
838 2582 1042 2656 Christianam,
1061 2582 1166 2661 alioqui
1185 2602 1283 2645 rerum
1396 2592 1400 2597 '

186 2690 306 2734 merum
325 2684 520 2753 satagentem,
544 2676 636 2754 magis
655 2674 744 2735 etiam
764 2676 956 2753 perturbentt
975 2675 1047 2734 mibi
1066 2686 1165 2737 tamen
1176 2677 1217 2738 de
1233 2696 1283 2737 me

186 2766 289 2827 dicere
298 2784 395 2845 neque
408 2784 531 2827 necesse
543 2776 597 2839 est,
611 2782 709 2847 neque
719 2768 869 2840 decorum,
878 2768 1049 2847 vigesimum
1057 2772 1118 2847 jam
1130 2788 1240 2828 auurnn
1252 2770 1283 2829 in

185 2856 246 2919 bac
258 2858 342 2930 urbe,
355 2856 418 2917 sine
432 2860 614 2938 cujusquam,
629 2870 663 2919 ut
673 2860 789 2938 opinor,
795 2860 928 2918 boniviri
942 2860 1004 2919 ulla
1015 2860 1135 2940 querela
1145 2860 1281 2937 degenti:
1360 2908 1370 2927 ,

185 2958 221 3009 et
229 2968 363 3008 mearum
375 2950 566 3029 scriptionum
575 2950 717 3011 hactenus
726 2950 817 3029 longe
829 2950 915 3009 aliam
926 2951 1018 3011 inisse
1029 2952 1180 3024 rationem,
1188 2952 1283 3010 omni·

187 3041 244 3099 bus
254 3040 347 3100 doctis
360 3040 544 3120 candideque
553 3040 762 3117 judicantibus,
776 3054 961 3121 perspectum
975 3052 1006 3103 et
1018 3044 1204 3123 exploratum
1215 3062 1282 3105 esse
1321 3114 1324 3119 ,

185 3130 315 3191 confido.
346 3132 454 3212 Neque
468 3133 546 3193 enim
560 3152 626 3193 mea
634 3133 745 3193 sumnia
758 3133 866 3196 ubertis
875 3133 971 3195 illesi:
984 3154 1082 3214 neque
1093 3134 1220 3195 rixarum
1231 3147 1282 3195 aut

183 3225 337 3285 turbamur
361 3226 517 3304 quicquam
540 3225 631 3285 dedi:
658 3244 758 3305 neque
775 3225 939 3287 insanabile
964 3227 1110 3287 scribendi
1125 3228 1282 3289 cacoethes

184 3316 279 3396 (quod
292 3320 393 3377 tenere
407 3318 522 3387 multos,
537 3317 568 3375 in
581 3336 741 3398 eorumque
753 3336 835 3396 egro
850 3320 940 3379 eorde
953 3338 1117 3391 senescere,
1131 3320 1283 3401 Satyricm

182 3410 328 3488 queritur)
341 3408 452 3488 impetu
463 3410 591 3488 quodam
603 3410 690 3470 animi
705 3411 862 3471 temerario
874 3422 964 3490 atque
977 3430 1057 3471 ceco
1068 3423 1187 3472 secutus
1200 3434 1280 3473 sum:

186 3500 289 3560 sedin
312 3501 517 3562 convertendis
540 3512 571 3563 et
592 3502 775 3563 declarandis
795 3504 918 3563 vetustis
938 3504 1097 3575 autoribus,
1117 3504 1281 3565 seculorum

186 3594 317 3653 omnium
332 3607 363 3655 et
376 3595 523 3655 nationum
533 3612 677 3655 cumeneo
691 3596 869 3675 approbatis,
878 3596 992 3666 sedulo,
1003 3614 1062 3656 nec
1071 3596 1135 3657 sine
1144 3617 1282 3658 successu

186 3686 339 3757 mediocri,
357 3690 465 3766 (quem,
478 3688 523 3746 uti
542 3706 598 3766 par
619 3698 675 3758 est,
692 3687 798 3747 divinas
816 3688 989 3766 benignitati
1007 3698 1161 3769 accepturu
1174 3690 1284 3767 refero)
1414 3684 1418 3691 ’

185 3778 346 3839 elaborari.
387 3778 422 3839 ld
435 3779 515 3858 quod
535 3779 621 3839 toties
632 3780 769 3859 repetitae
781 3780 812 3839 in
825 3781 995 3852 Germania,
1017 3782 1125 3853 Gallia,
1143 3783 1228 3843 Italia
1239 3784 1284 3844 lu·

183 3872 393 3931 eubrationsm
405 3890 536 3931 mearum
546 3872 688 3933 editiones
699 3873 799 3933 testari
811 3884 958 3952 poterunt.
999 3873 1109 3934 Modus
1123 3877 1251 3937 fortassis
1262 3897 1283 3936 a

185 3980 237 4023 me
250 3962 406 4022 desiderari
422 3974 521 4042 queat,
538 3975 571 4024 et
585 3964 728 4043 ignoratio
742 3964 864 4024 tollendi
877 3985 993 4025 manum
1007 3967 1047 4025 de
1064 3967 1174 4043 tabula,
1189 3980 1222 4029 et
1230 3989 1283 4029 su·

185 4073 373 4134 perracanea
392 4056 449 4114 mei
467 4055 563 4135 ipsius.
570 4057 716 4117 nocturnis
729 4057 897 4136 diurnisque
916 4058 1063 4118 laboribus
1075 4060 1282 4121 afflictatiore·

184 4146 343 4227 prehendi,
354 4166 421 4207 cum
432 4158 463 4207 et
475 4158 547 4209 setas
556 4160 589 4209 et
600 4148 739 4209 sdetudo
753 4168 820 4209 mea
831 4150 960 4228 quietem
975 4151 1073 4229 potius
1089 4162 1178 4230 atque
1191 4154 1284 4212 otium

182 4238 382 4319 postularent
422 4240 543 4301 Utinam
556 4260 627 4301 vero
640 4262 697 4301 non
710 4242 830 4320 quidem
842 4261 881 4302 ea
893 4262 987 4303 mmm
1000 4242 1098 4303 ferrea
1111 4256 1141 4303 et
1153 4244 1283 4321 corporis

180 4342 218 4390 et
240 4332 329 4391 animi
349 4332 577 4411 patientiaque
592 4334 697 4394 Catoni
713 4335 855 4395 Censorio
864 4334 1012 4406 tribuitur,
1027 4335 1219 4413 rarissimique
1232 4356 1286 4397 ex·

181 4426 277 4506 empli
285 4436 352 4485 est:
367 4424 486 4497 sedilis
494 4436 607 4499 tautum
622 4428 667 4487 vel
678 4426 769 4487 mimi
780 4428 946 4491 constantis
957 4439 988 4488 et
1001 4427 1164 4496 tolerantis,
1180 4428 1225 4487 sel
1239 4430 1281 4491 ui·
