2984 4917
208 343 289 404 ‘mcii
410 355 414 358 ·
560 331 730 401 liElSth
742 332 974 404 PRAEFATIO

213 496 382 558 vetustiore
401 495 484 558 initio
504 481 643 576 perquam
663 498 782 578 copiosa
803 507 881 567 sunt,
904 497 958 561 sed
981 515 1041 574 quo
1064 493 1158 573 magis
1178 485 1319 576 procedit

215 609 300 669 opus,
315 590 373 650 hoc
387 589 480 668 magis
494 590 682 650 decrescunt.
734 589 770 648 in
793 601 940 650 extremas
961 588 1110 647 omtiones
1130 586 1168 646 ad
1186 589 1318 668 privatas

213 701 317 742 causas
331 681 520 761 pertinentes,
534 700 619 760 paene
632 681 713 742 nulla
723 693 801 754 sunt,
816 693 848 742 et
857 702 924 760 quse
938 693 1014 750 sunt,
1025 699 1065 740 ex
1078 680 1316 760 Harpocratione

212 783 282 832 tunt
302 774 452 854 decerpta.
493 773 530 832 ln
547 773 741 854 Olynthiacas
761 784 869 844 autem,
892 771 1075 851 Philippicas,
1099 772 1252 843 suasorius,
1273 775 1316 834 de

212 883 331 937 corona,
345 865 426 924 etde
442 863 517 924 falsa
537 865 695 944 legatione,
719 865 882 944 copiosiora
903 876 989 933 sunt;
1008 865 1102 923 multa
1118 863 1229 924 hahent
1250 865 1314 926 ine·

213 955 284 1026 dita,
298 954 328 1014 in
344 955 410 1035 ipse
427 955 555 1016 editione
567 957 698 1016 Parisina
708 956 883 1027 deficientis,
897 976 963 1034 quse
977 954 1089 1014 scholia
1102 955 1195 1014 hahet
1207 955 1313 1016 editio·

203 1065 281 1106 ¹num
296 1046 425 1110 omnium
438 1047 676 1127 locupletissima.
691 1067 757 1126 quse
770 1048 930 1108 Basaricus
943 1047 1033 1106 habet
1045 1045 1126 1106 edita
1137 1045 1260 1119 scholia,
1274 1067 1313 1109 ea

211 1139 304 1200 multo
317 1139 366 1200 hic
386 1140 527 1219 leguntur
546 1139 753 1212 emendatiora,
774 1159 863 1219 qnam
884 1140 973 1218 vulgo
998 1139 1028 1198 in
1051 1138 1133 1198 libris
1151 1138 1311 1218 impressis.

202 1230 333 1292 Scholia
352 1233 518 1292 recentiora
539 1251 557 1291 a
578 1251 666 1292 manu
684 1233 753 1310 alia,
772 1232 916 1312 pinguiori
937 1243 970 1292 et
988 1232 1083 1292 minus
1104 1232 1233 1310 eleganti
1255 1234 1310 1292 ad·

210 1323 322 1404 scripta
340 1337 408 1384 sunt
428 1323 605 1384 orationibus
629 1325 753 1396 duabus,
767 1344 822 1404 pro
842 1343 951 1384 corona
964 1335 996 1384 et
1009 1325 1049 1384 de
1061 1325 1138 1384 false
1148 1324 1308 1403 legatione.

210 1414 328 1473 Horum
342 1415 536 1476 recentiorum
550 1414 728 1476 scholiorum
746 1415 888 1496 pleraque
906 1427 974 1476 sunt
986 1416 1097 1497 inepta,
1109 1415 1177 1476 luce
1190 1417 1310 1496 publica

209 1506 340 1586 indigna,
354 1526 374 1567 a
392 1507 603 1587 Moschopulo,
626 1519 660 1568 ut
683 1508 752 1567 mihi
773 1508 899 1581 ridetur,
920 1508 1064 1589 profecta.
1116 1507 1176 1568 Sed
1197 1508 1227 1567 in
1249 1509 1309 1570 hac

209 1607 304 1677 perte,
319 1619 387 1679 quae
400 1600 479 1670 istas,
492 1619 564 1680 quas
578 1599 648 1672 dixi,
661 1600 735 1660 duas
754 1601 900 1662 orationes
914 1611 1006 1673 tenet,
1018 1600 1115 1662 codex
1129 1599 1176 1658 hic
1191 1601 1309 1662 Bavari·

202 1707 262 1749 =cus
276 1711 330 1752 usu
340 1702 387 1751 est
403 1692 529 1752 maxime
543 1690 675 1764 detritus,
688 1695 901 1773 propemodum
911 1694 1067 1764 laceratus,
1081 1704 1112 1752 et
1125 1693 1309 1766 obscuratus,

209 1795 243 1842 nt
252 1805 339 1863 poene
352 1786 497 1846 dilabetur
509 1803 570 1865 prae
581 1796 783 1857 vetustate,‚et
793 1805 930 1846 manuum
939 1785 1081 1847 sordibus.
1116 1785 1212 1844 Tanto
1225 1800 1306 1844 mun·

208 1876 273 1936 dior
285 1889 332 1938 est
345 1898 413 1960 pars
424 1879 577 1958 posterior,
600 1877 708 1956 inqua
729 1888 797 1946 sunt
817 1899 915 1940 causae
933 1878 1057 1957 pnblicse
1075 1889 1106 1938 et
1126 1878 1252 1957 privates,
1272 1888 1307 1938 ut

207 1989 276 2050 pars
289 1971 355 2031 herc
367 1991 453 2050 poene
470 1970 580 2030 intacta
600 1971 777 2043 a'manibus
790 1972 977 2032 tractantium
994 1971 1136 2032 videatur.
1179 1969 1241 2030 Sed
1260 1971 1305 2030 in·
1432 2015 1436 2021 .

199 2081 283 2140 -gens
295 2073 341 2122 est
359 2063 390 2122 in
408 2062 463 2123 hec
483 2073 566 2142 parte
586 2061 693 2124 lacuna
711 2082 765 2142 per
784 2064 883 2142 plures
900 2063 1022 2144 paginas
1036 2063 1211 2143 procedens.
1249 2064 1305 2124 Ja-

199 2165 311 2214 ·cuerat
321 2156 417 2215 codex
429 2155 459 2215 in
472 2156 539 2214 loco
552 2155 683 2216 humido.
697 2176 757 2237 quo
768 2156 879 2218 factum
892 2167 936 2218 esl
949 2168 982 2218 ut
1001 2177 1069 2237 pers
1082 2156 1216 2237 quosdam
1228 2175 1307 2220 corn·

198 2249 373 2326 putruisset
387 2250 454 2309 herc
472 2260 552 2310 sarta
571 2249 756 2328 postmodum
777 2261 822 2310 est
840 2270 860 2310 a
878 2269 965 2309 manu
983 2247 1157 2319 recentiore,
1177 2267 1238 2308 non
1257 2247 1304 2307 in·

202 2339 297 2400 liceto
309 2341 427 2420 quidem
440 2342 501 2414 illa,
518 2342 614 2402 minus
628 2353 736 2414 tamen,
750 2354 841 2422 atque
850 2353 967 2410 vetusta
980 2353 1035 2413 est,
1049 2339 1190 2419 eleganti,
1202 2341 1306 2401 nescio

78 2485 84 2491 .
198 2433 297 2494 unde.
337 2433 410 2493 Post
420 2434 651 2494 Demosthenem
663 2448 824 2515 sequuntur
839 2434 988 2497 Plutarchi
1009 2433 1077 2493 vitoe
1091 2432 1238 2512 parallelae
1251 2433 1304 2492 eli·

198 2535 288 2603 :quot
302 2527 457 2587 abeodem
471 2528 589 2607 antique
601 2547 701 2600 manu,
715 2527 767 2588 illa
786 2528 861 2588 scits
878 2537 911 2588 et
924 2537 1056 2597 venusta,
1071 2526 1124 2584 sed
1138 2535 1304 2585 atramento

196 2617 420 2696 pallidiusculo,
441 2603 478 2678 ut¹
497 2629 574 2698 tegre
596 2620 740 2698 legantur.
782 2620 818 2679 In
832 2631 964 2680 extremo
976 2619 1035 2680 fine
1056 2617 1162 2696 legitur
1187 2617 1303 2697 synesii

196 2709 279 2790 disp.
293 2711 331 2771 de
346 2711 492 2772 insomniis
504 2731 570 2772 cnm
590 2713 802 2773 commentario
822 2713 981 2792 Nicephori
1001 2712 1158 2789 Gregoroe,
1175 2729 1194 2770 a
1213 2727 1303 2769 manu

204 2802 311 2882 scripta
323 2804 417 2864 multo
436 2805 609 2885 antiquiore,
624 2805 653 2864 in
668 2805 777 2867 chartis
789 2806 878 2885 longe
891 2805 966 2879 aliis,
979 2805 1069 2866 literis
1082 2801 1301 2876 horridioribus,

198 2913 272 2956 -cum
284 2897 384 2958 nescio
393 2897 498 2977 quibus
510 2917 548 2958 ex
556 2897 712 2960 Aristotele
722 2898 905 2978 fragmentis.

628 3142 757 3209 sunu.
779 3141 874 3208 xx.
993 3235 997 3242 Ι

542 3303 590 3362 De
604 3304 695 3362 codice
707 3301 942 3361 Memnonniono.

195 3487 201 3498 ·
243 3446 432 3508 Gsnsnnns
447 3445 732 3517 Meermannus,Vir
746 3455 778 3506 et
796 3446 956 3507 honoribus
974 3456 1009 3507 et
1034 3445 1145 3507 meritis
1166 3445 1205 3505 de
1218 3445 1299 3508 ,loris

199 3539 357 3618 prudentia
376 3539 511 3598 nobiliori
524 3537 653 3608 illustris,
668 3538 878 3600 ebibliotheca
889 3559 943 3601 sua
955 3538 1065 3600 codicis
1084 3539 1297 3600 demosthenici

194 3633 315 3712 copiam
337 3631 408 3691 mihi
431 3631 513 3702 fecit,
535 3631 662 3691 tenentis
686 3651 755 3692 curn
778 3632 1000 3712 quatuordecim
1020 3632 1186 3713 philippicis
1208 3632 1297 3693 edam

191 3725 273 3784 -duas
286 3725 425 3785 adversus
440 3724 618 3785 lEschinenr.
633 3725 729 3784 codex
739 3733 785 3786 est
797 3725 827 3784 in
839 3725 939 3787 charta
950 3727 1126 3806 bombycina
1145 3736 1296 3795 curatus,

193 3838 298 3890 manu,
312 3836 374 3878 nnn
384 3818 434 3878 illa
444 3817 562 3897 quidem
575 3817 752 3897 inelegante,
765 3819 820 3880 sed
832 3819 961 3891 indocta,
975 3818 1115 3899 superiori
1128 3817 1250 3890 saeuo,
1263 3828 1298 3877 ut

185 3911 359 3995 uidebatur,
380 3911 553 3990 nescioquo
574 3931 591 3971 e
605 3911 690 3990 libro,
703 3931 764 3970 non
784 3910 894 3990 optimo
906 3911 1024 3990 quidem
1037 3911 1099 3982 illo,
1121 3911 1295 3988 exscriptus.

199 4005 279 4085 quod
301 4021 367 4063 cnm
389 4003 458 4062 mihi
476 4023 495 4063 e
516 4004 672 4064 collatione
695 4005 939 4085 Olynthiecarum
961 4004 1150 4074 constitisset,
1174 4006 1297 4065 obrutos

199 4098 262 4158 aliis
282 4097 377 4158 multis
395 4097 529 4175 negotiis,
547 4098 605 4157 cito
620 4097 829 4159 remittendum
846 4098 919 4156 duxi
936 4098 1068 4158 codicem
1082 4096 1119 4157 ad
1134 4097 1295 4160 dominum.

200 4191 367 4274 Specimina
381 4201 479 4251 minen
492 4195 555 4268 ejus
569 4193 598 4250 in
612 4192 713 4253 libello
722 4192 896 4252 variantium
905 4191 1049 4251 dabimus.
1075 4191 1182 4250 Gratia
1195 4202 1294 4251 tamen

196 4285 382 4348 humanitatis
393 4283 463 4344 mihi
476 4284 506 4343 in
520 4283 577 4345 hoc
591 4283 694 4346 codice
715 4283 958 4345 communicando
977 4284 1183 4345 demonstratas
1203 4285 1295 4344 nihilo

196 4380 292 4439 minor
312 4397 404 4459 penes
424 4397 478 4437 nos
496 4375 614 4438 domino
636 4377 747 4440 codicis
769 4388 879 4449 menet,
898 4395 934 4438 oc
947 4375 973 4436 si
986 4376 1115 4436 omnium
1133 4377 1229 4438 codex
1244 4377 1294 4436 ille

196 4472 452 4550 prestantissimae
464 4469 576 4533 ledaea.
