2984 4917
492 300 554 361 AD
576 298 928 363 DEMOSTHENEM;
1181 302 1268 367 clxiii.

154 454 257 537 prinas
270 456 343 515 iada
356 454 531 535 posteriores
545 466 708 518 auuomtaa.
722 468 841 519 merra
860 460 1003 521 lectiones
1020 458 1063 519 illi
1080 459 1219 539 exemplo
1238 478 1259 519 a

155 548 285 611 Motello
298 546 464 627 mscnptoe,
478 546 557 630 unde
570 558 675 619 essem,
689 549 850 628 ignorasse,
860 572 957 631 neque
970 553 1084 613 discere
1097 570 1225 612 emmae.

193 640 326 702 Miretur
339 639 414 719 quis,
429 640 593 701 Fabricium
612 640 643 701 iu
655 641 727 703 bibl.
742 642 797 703 Gr.
807 643 844 704 Τ.
858 645 885 705 1.
898 665 929 724 p,
939 650 1011 707 926.
1023 643 1173 715 affirmare,
1193 642 1257 704 edi·

154 732 265 801 tionem
279 732 452 803 Parisinam,
463 732 501 793 de
516 752 574 812 qua
587 752 667 793 nunc
680 753 777 793 sermo
795 734 879 795 nobis
900 747 955 808 est,
974 736 1118 815 prodiisse
1137 755 1176 795 ex
1196 734 1258 795 offi-

156 824 221 885 oiua
233 823 394 885 Michaelis
413 824 531 895 Sonnii;
551 843 618 885 cum
633 825 791 906 Dionysius
812 838 911 888 tarnsn
931 827 1092 889 Lambinus
1114 828 1184 907 ipse,
1206 827 1259 907 qui

156 926 274 997 poterat
286 917 331 977 rei
344 928 438 995 gestu
447 917 529 979 testis
540 936 605 979 esse
619 916 808 991 certissimus,
822 938 886 979 eam
898 920 1054 981 Benenato
1067 919 1186 991 tribuat,
1196 937 1257 999 quo

156 1010 268 1069 motum
281 1019 315 1067 ut
329 1028 347 1069 a
362 1008 488 1089 Tayloro
502 1009 620 1089 aliisque
636 1010 779 1071 Benenati
797 1011 889 1071 editio
908 1010 1081 1091 appelletur.
1122 1012 1257 1073 Erimam

157 1100 234 1159 huno
246 1100 428 1178 scrupulum.
472 1100 547 1161 Sunt
560 1120 652 1179 penes
671 1100 796 1161 maduo
814 1103 993 1183 exemplaris
1011 1101 1150 1163 Parisino
1171 1102 1258 1178 hujus

158 1190 303 1281 editionis,
317 1191 394 1251 inter
405 1210 438 1253 se
453 1193 540 1270 rebus
554 1193 696 1264 omnibus,
710 1202 816 1271 praeter
835 1194 960 1266 titulum,
973 1192 1128 1255 simillima.
1140 1194 1172 1253 iu
1185 1193 1259 1255 alte·

158 1282 216 1343 rius
236 1282 324 1343 titulo
336 1282 515 1363 conspicitur
527 1283 643 1362 signum
656 1284 778 1345 Adriani
788 1285 928 1360 Turnebi,
949 1286 1067 1367 thyrsus
1084 1304 1181 1365 angue
1203 1285 1257 1344 im·

158 1376 294 1455 plicatus,
303 1395 370 1435 cum
384 1376 595 1457 subscriptione
606 1376 724 1451 βασιλεῖ
737 1380 760 1435 r’
772 1378 877 1460 ἀγαθᾷ
892 1385 1011 1460 φανερῷ
1025 1382 1048 1439 r'
1062 1382 1188 1462 olxpnrpi
1198 1377 1259 1438 Lu·

159 1470 241 1529 tetire
254 1469 301 1529 M.
314 1468 353 1530 D.
365 1468 464 1529 LXX.
477 1471 556 1549 apud
571 1470 710 1531 loannem
724 1470 920 1533 Benenatum.
942 1471 1061 1533 alterius
1082 1469 1258 1549 exemplaris

159 1562 246 1640 ¹titulo
269 1564 447 1643 suppositum
465 1573 513 1623 est
533 1572 647 1623 scutum
663 1562 835 1641 quadratum
857 1584 924 1623 cum
941 1564 1076 1625 basilisco
1096 1583 1114 1624 e
1133 1562 1259 1624 flammis

161 1666 335 1733 exsurgente
345 1675 446 1716 versus
456 1655 580 1735 digitum
591 1655 703 1716 desum
718 1675 735 1715 e
750 1655 877 1719 nubibus
891 1667 1029 1729 exserto,
1042 1677 1109 1717 eum
1122 1656 1258 1736 symbolo

160 1746 379 1827 circumscripto
389 1750 413 1807 si
422 1752 485 1807 deos
491 1769 545 1827 pro
557 1750 633 1809 nolis
646 1749 708 1825 quis
720 1758 818 1808 contro
828 1770 885 1809 nor.
929 1750 1099 1829 Subscripta
1111 1759 1180 1808 aunt
1192 1750 1258 1808 hoec

161 1841 251 1900 rerba
265 1840 363 1901 Latet.
375 1840 540 1901 MDLXX.
563 1842 637 1919 opud
659 1840 824 1900 Michaelem
844 1842 975 1902 Sensim
996 1844 1045 1900 sub
1065 1850 1142 1901 scuto
1158 1842 1260 1899 Basili·

160 1934 225 2003 ευτ’,
238 1933 289 1991 oio
302 1933 437 1993 Iucoboeo.
478 1932 552 1991 Fieri
566 1943 661 2011 potest
675 1943 710 1992 ut
723 1932 855 1993 Michael
874 1934 925 1992 ille
940 1933 1065 1994 Sonniua
1079 1944 1193 2013 partem
1207 1933 1259 1993 im·

159 2024 332 2105 peudiorum
357 2025 396 2084 ad
422 2024 506 2084 istam
531 2024 685 2084 editionem
713 2024 924 2103 perficiendam
948 2025 986 2086 de
1009 2043 1062 2084 suu
1086 2025 1257 2097 contulerit,

159 2134 253 2195 eoque
269 2121 321 2192 jos
333 2115 533 2195 impetraverit
543 2134 650 2175 nomen
668 2135 753 2175 suum
771 2116 801 2174 in
813 2116 910 2178 fronte
930 2117 1027 2197 operis
1046 2115 1260 2196 proscribendt

162 2210 348 2271 Conveniunt
366 2211 431 2269 hoec
455 2209 514 2269 duo
536 2209 713 2289 exemplaria
730 2210 808 2270 iuter
829 2230 862 2271 se
880 2229 968 2289 quam
986 2211 1205 2290 perfectissime,
1225 2222 1260 2272 ut

160 2322 246 2361 ovum
260 2322 317 2363 oro
330 2321 391 2361 non
403 2302 494 2380 possit
506 2321 571 2361 esse
590 2301 718 2362 similius.
761 2302 924 2363 Observavi
938 2314 1037 2363 tamen
1055 2303 1202 2363 interdum
1214 2301 1259 2361 iu·

162 2406 206 2456 ter
218 2396 306 2455 ambo
321 2394 543 2475 discrepantiam
563 2394 708 2474 quandam
728 2394 874 2467 lectionis,
888 2415 954 2475 quos
973 2416 1034 2455 non
1054 2406 1154 2476 potest
1174 2396 1260 2463 aliter

160 2500 230 2549 nata
251 2506 327 2571 οπο,
349 2507 438 2567 quam
458 2487 482 2546 si
503 2498 650 2547 corrector
664 2487 770 2567 operis,
784 2486 913 2567 quisquis
925 2487 992 2557 fuit,
1009 2499 1142 2563 currente
1163 2489 1261 2549 adhuc

160 2582 253 2663 prelo,
275 2590 412 2641 cerneret
431 2578 548 2659 aliquod
566 2579 677 2651 viuum,
696 2580 786 2659 idque
804 2580 931 2653 tolleret,
944 2590 1029 2661 parte
1051 2580 1261 2659 exemplarium

156 2680 219 2753 jam
233 2695 356 2749 excusa,
369 2674 499 2737 noudum
513 2673 659 2735 omuibus.
700 2674 849 2754 Exempla
867 2674 998 2733 mirifice
1018 2673 1105 2751 hujus
1126 2674 1170 2733 rei
1190 2685 1261 2735 aunt

160 2788 191 2847 p.
202 2772 271 2829 151.
282 2771 332 2829 84.
345 2766 395 2828 ubi
409 2767 438 2825 in
453 2764 588 2844 exemplo
602 2765 745 2825 Benenati
759 2777 805 2826 eat
818 2766 930 2846 lapion,
940 2766 970 2825 in
982 2764 1131 2827 Sossiano
1144 2764 1262 2844 δωρεάς.

160 2880 191 2941 p.
205 2864 274 2921 119.
290 2864 340 2919 21.
353 2860 384 2918 in
397 2878 457 2918 uno
470 2868 516 2917 est
529 2860 713 2931 ἑξαπαθῆσαι,
734 2858 765 2920 iu
787 2857 880 2918 altero
900 2860 1083 2933 ἐξαπατῆσαι.
1096 2855 1131 2917 is.
1145 2875 1174 2935 p.
1185 2863 1216 2929 4,
1228 2860 1260 2919 8.

164 2956 234 3023 150,
247 2956 298 3013 84.
315 2954 381 3024 165,
394 2956 444 3013 50.
461 2954 528 3022 176,
543 2954 593 3011 31.
605 2954 674 3022 189,
686 2953 735 3013 10.
746 2954 817 3023 286,
831 2956 879 3015 15.

587 3170 716 3237 SEGT.
739 3171 847 3237 VIII.

384 3290 432 3391 De
450 3330 567 3389 editione
583 3330 676 3407 Wotsti
694 3332 812 3391 sormdo
830 3329 1020 3407 groeoolotins.

204 3500 327 3559 Eoossr
338 3494 401 3557 fere
416 3507 558 3575 tempore,
568 3514 626 3574 quo
639 3492 771 3555 Parisino
780 3495 916 3575 prodibat
929 3495 1031 3569 editio,
1041 3514 1174 3557 carceres
1187 3517 1264 3557 mor·

165 3596 254 3657 debut
269 3590 467 3669 Hemgiana
486 3588 582 3657 tertia,
595 3607 662 3667 quae
673 3588 760 3647 Anno
782 3593 872 3653 1572.
892 3588 1017 3649 Basileia
1029 3588 1139 3667 prodiit
1152 3590 1208 3649 hoc
1226 3575 1263 3649 ti·

165 3688 245 3747 tolo:
269 3682 477 3745 Demosthenis
490 3692 521 3740 et
535 3678 683 3740 AEschinis
697 3680 860 3760 principum
873 3680 988 3759 graecioe
1001 3691 1148 3741 oratorum
1163 3700 1262 3760 opera,

164 3802 232 3843 cum
245 3779 396 3857 utriusque
410 3774 538 3836 auctoris
552 3773 612 3833 vita
625 3784 655 3833 et
666 3772 786 3853 Ulpiani
800 3772 1015 3845 commentariis
1026 3772 1165 3851 novisque
1179 3775 1264 3834 scho-

162 3874 207 3935 liis
219 3893 257 3933 ex
266 3881 371 3951 quarta
385 3888 478 3947 eaque
496 3878 645 3947 postrema
665 3866 879 3945 recognitione,
900 3866 1100 3946 groecolatina
1114 3865 1168 3926 sed
1182 3868 1264 3927 codi·

164 3989 232 4033 cum
250 3967 458 4045 impressorum
472 3974 502 4021 et
516 3962 590 4020 inter
601 3961 656 4021 hos
670 3960 842 4021 Parisiensis
863 3980 955 4039 nuper
969 3959 1049 4031 editi,
1064 3959 1189 4019 duorum
1203 3979 1265 4021 ma-

163 4060 391 4139 nuscriptorum,
404 4055 523 4115 ulterius
538 4051 690 4127 Pannonii,
705 4052 824 4113 alterius
844 4072 882 4112 ex
896 4054 1071 4132 Augustana
1089 4052 1266 4112 bibliotheca

163 4154 334 4217 fidelissima
347 4148 502 4211 collatione
517 4147 658 4209 emendis
668 4156 833 4225 repurgata,
844 4144 929 4207 variis
941 4144 1115 4206 lectionibus
1128 4144 1264 4217 adaucta,

167 4238 406 4310 annotationibus
425 4240 569 4300 illustrata
588 4259 641 4319 per
660 4238 877 4318 Hieronymum
896 4236 1036 4299 Wolfium
1050 4236 1265 4314 OEtingeosem,

163 4338 315 4417 utriusque
329 4334 438 4413 lingum
452 4333 482 4392 in
504 4334 677 4411 Augustam
699 4324 802 4391 schola
824 4330 1019 4411 professorem
1040 4341 1099 4389 etc.
1140 4324 1268 4385 Basiieaa

165 4452 204 4505 ex
226 4430 344 4491 officina
371 4426 571 4505 Herwagiana
590 4444 644 4505 per
671 4422 832 4503 Eusebium
853 4418 1051 4507 Episcopiumss
1065 4414 1266 4483 MDLXXII.
