2984 4917
243 314 315 396 intr
589 318 839 395 uisnournss
860 321 1015 392 wotstt
1123 324 1127 340 ¹

241 506 323 551 meas
343 500 418 553 num‘
427 486 519 549 Croesi
534 500 584 548 aut
600 488 698 549 Crassi
713 485 826 547 divitiis.
870 484 930 547 Sed
942 485 1031 559 enim,
1045 501 1112 565 que
1125 482 1212 545 nohis
1226 494 1345 564 reperta

243 590 320 651 sunt,
335 599 371 639 ea
383 580 446 641 aliis
460 579 585 641 candide
599 580 818 659 impertiemus:
839 578 972 657 rogaturi
985 578 1124 647 lectores,
1135 586 1170 635 ut
1181 575 1258 647 hoec,
1273 594 1346 655 qua·

241 670 397 751 liacunque
419 672 488 741 sint,
510 670 580 731 honi
599 668 764 741 consulant,
784 679 815 727 et
828 668 873 729 his
886 667 1037 728 nobiscum
1050 676 1181 739 utantur,
1193 676 1224 735 et
1237 665 1262 725 si
1276 666 1348 745 quid

243 763 352 822 rectius
373 762 435 822 istis
455 761 507 841 ipsi
522 762 680 841 aliquando
694 761 867 831 invenerint,
881 760 966 820 nohis
980 759 1105 820 vicissim
1123 758 1251 836 benigue
1266 778 1347 817 com-

242 856 400 915 municent.
443 854 510 914 Tibi
525 842 615 925 sero,
641 854 824 931 Hieronyme
846 851 1039 924 ornatissime,
1062 852 1121 911 hoc
1138 846 1277 931 quicquid
1299 861 1348 911 eat

243 946 386 1026 opusculi,
399 947 568 1005 nominatim
579 945 693 1017 dedico,
709 964 778 1005 cum
789 944 1000 1005 Demosthenis
1012 943 1134 1004 amatori
1148 961 1270 1013 summo,
1282 954 1347 1003 tum

241 1038 344 1098 lectori
358 1037 588 1116 diligentissimo,
612 1048 643 1097 et
665 1036 800 1097 imitatori
819 1036 997 1097 felicissimo.
1045 1037 1155 1117 Neque
1176 1036 1253 1096 enim
1275 1036 1347 1095 anti·

242 1130 353 1209 quitate
366 1131 482 1209 generis
493 1131 595 1201 solum,
608 1130 660 1190 sed
671 1128 872 1209 pulcherrimis
885 1148 1001 1209 quoque
1014 1129 1153 1189 virtutum
1167 1128 1345 1189 ornamentis

156 1229 158 1238 ⁴
242 1222 399 1282 decoratus
418 1240 459 1293 es,
471 1233 502 1281 et
515 1220 666 1302 utriusque
687 1222 847 1281 literaturae
868 1221 1068 1301 peritissimus.
1111 1220 1226 1300 Accipe
1246 1220 1345 1300 itaque

241 1314 372 1374 libellum
387 1316 467 1374 hunc
480 1313 566 1375 studii
585 1314 615 1372 in
635 1323 665 1373 te
686 1314 745 1373 mei
767 1324 988 1374 monumentum
1009 1326 1040 1375 et
1058 1314 1173 1394 pignus,
1191 1314 1270 1392 quod
1283 1312 1345 1372 tihi

242 1406 378 1465 amicitiae
396 1416 502 1465 nostrae
521 1406 667 1484 quondam
687 1404 778 1476 initae,
803 1415 833 1464 et
853 1405 1099 1487 condiscipulatus
1121 1406 1213 1465 nostri
1233 1424 1346 1465 memo·

242 1497 315 1556 riam
340 1496 467 1556 refricet.
517 1496 725 1556 ornatissimos
745 1506 834 1574 atque
858 1496 1066 1556 eruditissimos
1088 1497 1176 1567 viros,
1197 1496 1345 1555 Andream

243 1588 431 1660 Osiandrum,
453 1589 641 1648 Dominicum
668 1588 871 1669 Sleupoerum,
886 1589 1082 1649 Venceslaum
1102 1589 1247 1668 Lyncum,
1261 1587 1344 1647 Tho-

139 1674 144 1683 ’
241 1700 320 1739 mam
331 1680 529 1751 Venatorium,
543 1679 724 1739 loachimum
737 1680 947 1751 camerarium,
963 1673 1143 1740 Michaelem
1159 1678 1343 1757 Rotingium,

243 1772 285 1833 D.
298 1772 539 1851 christophorum
554 1771 707 1841 Kolerum,
724 1770 877 1829 Erasmum
892 1770 1052 1844 Ebnerum,
1067 1772 1114 1831 M.
1128 1770 1346 1851 Hieronymum

245 1865 439 1936 scholiorum,
452 1874 597 1944 preterea
610 1864 651 1921 D.
666 1864 809 1921 Ioannem
824 1860 1087 1942 Msgenpuchlum‚
1101 1862 1226 1923 alterum
1241 1862 1344 1923 AEscui

242 1960 363 2039 lapium,
374 1970 406 2019 et
420 1959 547 2038 reliquos
561 1956 678 2017 literarii
693 1953 819 2014 sodalitii
829 1972 978 2033 proceres,
989 1956 1061 2015 meis
1071 1954 1167 2016 verbis
1181 1956 1345 2015 communi:

242 2064 290 2113 ter
303 2052 406 2111 saluta.
448 2050 495 2109 Tu
509 2066 580 2111 vero
595 2068 661 2109 cum
673 2046 772 2126 primis
791 2048 869 2107 bene
887 2048 962 2110 tale.
1005 2046 1223 2127 Onoltabacffii,
1240 2064 1344 2111 mense

243 2142 414 2219 Novembri,
429 2142 515 2202 Anno
533 2156 753 2204 at.n.xx1111.

657 2365 832 2427 'Clarissimo
849 2361 917 2425 Viro

355 2492 706 2573 HIERONYMO
735 2448 1244 2583 Pnuucanrnuno,
1325 2538 1338 2545 κ

396 2644 514 2705 Hieron.
530 2644 563 2705 F.
576 2642 680 2703 consuli
691 2642 930 2721 Norimdergensi,
946 2641 1063 2703 Hieron.
1080 2639 1118 2701 W
1116 2642 1194 2719 office

755 2767 781 2809 s.
803 2766 836 2807 n.

285 2880 415 2939 Fonnns
437 2878 530 2939 creari
544 2878 667 2939 fortibus
683 2889 714 2938 et
731 2875 828 2955 bonis,
848 2876 903 2935 etsi
923 2896 983 2937 non
995 2895 1112 2957 semper
1124 2877 1156 2936 id
1168 2874 1232 2936 lieri
1244 2875 1344 2936 videa·

243 2990 318 3047 mus,
334 2971 459 3031 Horatio
476 2970 591 3031 facilius
611 2971 736 3032 concedi
757 2980 866 3050 potest,
880 2989 967 3048 quam
987 2970 1121 3030 humanis
1135 2980 1167 3029 et
1180 2968 1276 3028 doctis
1288 2968 1343 3026 hn-

243 3082 348 3123 manos
362 3075 393 3123 et
406 3064 518 3124 doctos.
573 3064 752 3143 Plerumque
773 3063 862 3135 enim,
878 3071 1000 3139 paterna
1012 3062 1082 3120 freti
1095 3061 1197 3139 gloria,
1211 3058 1344 3119 discendi

164 3188 165 3195 ι
243 3154 512 3235 lahoremfuglunt
528 3165 559 3215 et
571 3155 669 3215 literas
682 3165 713 3214 et
726 3154 857 3213 literatos
877 3164 1106 3222 contemnentes,
1130 3163 1162 3210 et
1177 3152 1286 3211 fastum
1307 3170 1343 3210 ac

243 3247 461 3327 despicientiam
473 3248 594 3307 aliorum
606 3248 687 3307 laudi
701 3246 756 3306 sibi
770 3246 891 3305 ducunt.
926 3245 961 3303 ln
981 3262 1103 3323 quorum
1116 3252 1238 3321 utroque
1252 3260 1343 3321 quan·

243 3348 346 3418 topere
366 3350 462 3401 errent
480 3348 511 3399 et
531 3350 668 3419 peccent,
687 3336 794 3398 nemini
809 3348 854 3396 est
868 3338 1036 3396 obscurum.
1078 3332 1126 3393 Tu
1138 3352 1220 3405 vero,
1232 3332 1343 3394 Consul

243 3432 434 3503 ornatissime,
450 3432 626 3493 contrariam
635 3430 711 3491 viam
725 3430 881 3507 ingressus,
902 3429 941 3488 ad
958 3438 1089 3507 paternoe
1101 3425 1224 3497 rirmtis,
1244 3426 1343 3486 erudi·

242 3524 338 3595 tionis,
353 3524 539 3584 humanitatis
553 3523 743 3583 imitationem
766 3520 810 3581 sic
833 3532 863 3580 te
885 3519 1081 3599 composuisti,
1103 3530 1138 3578 ut
1159 3528 1244 3598 pater
1262 3516 1342 3577 omni

242 3616 331 3677 lauda
352 3617 526 3687 cumulatus,
550 3626 580 3675 st
600 3614 704 3674 illustri
729 3612 823 3692 gloria
842 3632 897 3693 per
916 3611 1073 3673 Christiani
1093 3611 1218 3671 nominis
1238 3611 1343 3671 orbem

243 3708 368 3769 celebris
381 3709 410 3768 in
425 3720 456 3769 te
469 3708 610 3768 revixisse
624 3706 766 3765 videatur.
808 3706 911 3765 Habet
921 3706 1033 3786 inclyta
1043 3705 1208 3785 respublica
1222 3702 1342 3763 Norim·

241 3800 391 3880 bergensis
405 3801 539 3872 alterum,
549 3820 586 3859 ec
599 3800 695 3879 potius
707 3798 834 3862 eundem
845 3798 1060 3879 Hieronymum
1069 3799 1340 3877 Paomgartnerum3

241 3893 334 3953 virum
345 3893 500 3964 eruditum,
514 3892 606 3953 civem
619 3890 723 3971 petria
737 3904 894 3964 amantem,
905 3903 1069 3955 senatorem
1092 3910 1222 3971 gravem,
1236 3908 1342 3950 consu·
1399 3958 1406 3977 o

240 3984 300 4043 lem
313 3983 496 4061 prudentem,
510 3996 542 4045 et
556 3984 706 4045 disertum.
748 3984 873 4044 Hsbcnt
895 3982 1027 4044 homines
1046 3982 1127 4044 docti
1148 3994 1179 4043 et
1195 3982 1342 4062 ingeniosi

241 4074 445 4135 adolescentes
471 4086 625 4155 patronum
648 4087 680 4137 et
709 4076 932 4152 Mecaeoatemt
960 4084 1175 4155 recognoscunt
1197 4076 1277 4136 cives
1299 4076 1343 4136 tui

241 4186 410 4249 prenomen
422 4178 454 4229 et
467 4186 574 4229 nomen
584 4168 680 4231 idem:
701 4168 825 4251 eandem
840 4180 959 4231 stamroe
977 4170 1184 4249 proceritatem
1194 4180 1227 4230 et
1237 4168 1342 4229 formo

238 4259 413 4338 ‘dignitatem
433 4278 498 4319 cum
520 4272 605 4339 grata
625 4261 828 4322 recordatione
847 4261 940 4341 patris
956 4261 1127 4321 intuentur:
1147 4260 1240 4338 iisque
1252 4260 1342 4321 nehus

136 4426 139 4437 ι
242 4351 419 4412 desiderium
432 4352 508 4413 illius
518 4353 633 4414 leniunt
643 4362 673 4414 et
685 4353 880 4414 consolantur.
921 4354 990 4413 Fuit
1001 4362 1034 4414 et
1045 4352 1116 4412 mihi
1128 4352 1238 4413 abhinc
1250 4352 1343 4413 trian-

238 4444 332 4518 nium,
345 4464 413 4507 cum
423 4445 624 4528 Notimberge
639 4446 891 4529 inchristophori·
901 4444 983 4507 Fabii
1003 4444 1068 4509 Iulii
1081 4445 1108 4507 1.
1120 4445 1158 4507 0.
1170 4445 1224 4506 tiri
1237 4446 1342 4526 opffl
