2984 4917
483 342 724 413 PRAEFATIO
748 343 982 411 EDITORlS.
1245 362 1266 403 v

172 536 290 635 deque
305 532 450 609 corona
465 532 689 609 Adversariis
705 530 902 623 Stockium,
920 532 957 609 in
974 529 1113 605 caeteris
1133 527 1270 603 bouum

172 658 357 745 Wolium,
370 661 598 758 interpretem
607 658 747 733 bebetis
761 686 770 731 :
782 656 992 731 Versionem
1003 666 1124 729 umen
1137 651 1270 749 passim

166 776 219 863 ad
235 810 365 860 novam
382 781 591 857 Editionem
604 782 711 857 uelim
726 780 936 879 intelligetis
954 776 1228 853 accommodari.

223 907 281 983 De
299 896 481 981 Varietate
499 905 677 980 Lectionis
695 920 731 981 et
751 906 950 992 Indicibus,
971 905 1035 1000 qui
1055 905 1093 978 in
1115 899 1272 998 comple·

149 1031 154 1040 ’
174 1046 333 1111 mentum
357 1033 475 1131 operis
496 1030 682 1125 accedunt,
705 1030 785 1107 haec
804 1031 904 1105 dicto
918 1042 1034 1103 sunto.
1086 1026 1274 1101 Variantes

175 1160 360 1237 Lectiones
378 1182 461 1233 eum
484 1156 605 1237 labore
628 1182 778 1256 operoso
801 1156 919 1231 denno
942 1155 1087 1254 digessi,
1111 1165 1149 1229 et
1175 1154 1275 1227 incn-

177 1287 265 1359 riam
290 1281 450 1381 Tsylori,
474 1305 578 1378 paene
601 1283 639 1355 in
668 1280 820 1380 singulis
840 1281 995 1379 paginis,
1016 1280 1150 1378 sapius
1169 1278 1276 1352 casti·

178 1410 285 1510 gari:
310 1406 520 1482 collationes
537 1420 710 1504 praeteres
727 1405 850 1494 MSS,
866 1405 952 1481 hinc
967 1405 1066 1483 illinc
1080 1406 1222 1505 petitas,
1236 1405 1276 1479 in

176 1542 333 1607 veterem
343 1528 530 1605 caudicem
546 1530 698 1617 inserui;
716 1528 889 1603 etvellem
904 1543 999 1603 certe
1011 1528 1101 1603 mihi
1116 1528 1277 1605 licuisset

178 1680 352 1753 nuperum
377 1651 584 1729 Editioncm
605 1652 835 1730 Immenuelis
858 1653 1010 1729 Beklseri
1035 1654 1082 1728 de
1095 1653 1277 1729 voluntate

178 1804 378 1879 usurpasse.
431 1776 540 1853 Hunc
565 1802 648 1853 vero
675 1790 802 1853 nectus
823 1778 954 1865 locum,
977 1776 1182 1853 fucultatem
1205 1802 1279 1851 non

181 1906 369 1992 dimittam,
381 1904 470 2001 quin
482 1901 600 1976 dicam
612 1901 847 1976 Psrisicnsem
858 1900 1276 1996 Codicem,unobisp9.

181 2031 375 2128 signatum,
401 2025 516 2101 nihilo
543 2028 661 2103 minus
689 2026 839 2101 delicias
871 2016 1028 2101 Belleri
1045 2002 1147 2113 esse,
1171 2048 1280 2120 quam

182 2154 436 2253 Augustanum
468 2152 623 2249 primum
654 2150 803 2225 delicias
832 2152 901 2247 (uti
935 2174 1017 2223 eum
1050 2147 1281 2247 nuncupabat

184 2278 226 2354 F.
243 2280 290 2351 A.
306 2275 477 2371 Wolfius)
504 2274 654 2350 Reiskii.
717 2275 902 2349 indicibus
934 2274 1090 2372 denique
1116 2299 1280 2349 numeros

184 2403 342 2480 centenis
361 2401 399 2473 in
421 2399 511 2474 locis
533 2400 707 2499 supplevi,
725 2402 764 2472 in
780 2398 939 2473 millibus
962 2398 1108 2472 eosdem
1132 2400 1277 2474 correxi.

186 2528 309 2627 Atque
327 2524 407 2599 haec
427 2523 613 2613 hactenus

235 2651 293 2725 De
314 2646 618 2736 Praelectionibus,
639 2673 659 2720 e
685 2636 834 2720 Stanleii
854 2645 963 2720 MSS.
990 2650 1187 2747 exscriptis,
1204 2674 1280 2724 mo-

186 2779 290 2866 nebo,
320 2786 357 2850 et
382 2772 488 2848 finem
512 2774 652 2848 faciam.
715 2774 847 2847 Nullus
876 2776 999 2873 itaque
1027 2775 1162 2870 dubito,
1195 2782 1284 2876 quin

188 2900 315 2977 Jacobi
327 2899 483 2998 Duporti
500 2900 582 2989 sint,
598 2900 708 2996 inque
721 2896 873 2972 Stsnleii
890 2902 1020 2973 scrinia
1030 2904 1108 2999 pari
1124 2901 1232 2975 modo
1242 2929 1285 2977 ac

192 3025 444 3100 Praelectiones
456 3024 613 3121 ejusdem
628 3022 918 3122 Theophrasticae
933 3025 1157 3122 irrepserint:
1180 3027 1218 3098 in
1229 3022 1286 3101 his

192 3154 286 3227 enim
304 3137 349 3225 ed
365 3150 445 3224 illas
462 3146 577 3239 refert,
596 3160 631 3223 et
645 3161 787 3224 contra:
815 3174 956 3223 omnem
973 3153 1080 3225 etiam
1095 3154 1287 3251 utrobique

191 3286 347 3374 aucupet
362 3275 587 3347 occasionem
604 3272 800 3347 disserendi
813 3271 859 3353 de
876 3272 980 3346 bellis
997 3273 1162 3349 civilibus
1180 3277 1287 3373 (quo-

192 3428 270 3477 rum
287 3399 506 3499 temporibus
523 3400 628 3495 vixit)
641 3411 677 3472 et
698 3398 853 3472 tumultu
871 3400 1049 3473 intestino.
1102 3400 1287 3501 Exemplis

192 3552 312 3624 parco,
327 3550 410 3625 puae
425 3522 537 3595 multa
552 3522 693 3597 facilius
710 3524 828 3620 quivis
841 3524 1023 3598 detexerit.
1065 3523 1160 3601 lllud
1175 3552 1287 3601 unum

192 3648 335 3738 eddam,
364 3672 421 3721 me
449 3646 654 3719 doctissimo
682 3645 921 3733 Blomlieldio,
950 3660 1051 3722 notes
1077 3648 1289 3749 AEscbyleas

192 3770 351 3847 Staaleio
394 3769 623 3867 abjudicanti,
664 3768 909 3844 lubentissime
953 3773 1141 3862 assentiri3
1183 3777 1290 3849 miror
1385 3789 1389 3797 “

191 3908 311 3971 tamen
334 3894 515 3992 pigritiam
532 3891 577 3964 V.
596 3890 655 3981 Ι).,
681 3896 745 3991 qui
762 3892 883 3967 Vitam
909 3891 1066 3991 Duporti
1087 3900 1290 3996 nuperrime

192 4017 415 4114 conscripsit,
430 4014 530 4113 quod
556 4014 663 4088 MSS.
685 4013 911 4090 Stanleianos
933 4020 1070 4116 agitare
1095 4021 1288 4112 omittebat,

194 4143 339 4218 cumin
367 4142 446 4237 ipso
475 4136 753 4213 Praelcctionum
785 4139 1142 4239 Theophrasticarnm
1167 4144 1292 4220 limine

195 4263 494 4341 Demosthenices
513 4261 672 4335 alluserit
684 4261 884 4362 Duportus.

255 4388 334 4463 Nec
364 4412 448 4461 vero
482 4370 660 4461 m'emoriae
695 4412 822 4485 parum
855 4392 991 4464 tenacis
1022 4416 1079 4465 me
1116 4394 1294 4468 incusabit

197 4514 355 4589 Jscobus
372 4510 544 4601 Bsileius,
574 4511 741 4608 antiquus
769 4539 842 4588 non
872 4514 984 4587 solum
1004 4516 1152 4605 amicus,
1172 4544 1293 4591 verum
