2984 4917
448 242 458 251 ’
480 292 540 357 so
562 246 911 357 onmosrnhusu.
1172 269 1263 359 ...s

22 458 23 525 l
158 432 474 527 mutuationem
495 458 621 533 ridetur,
644 460 720 521 luter
740 462 870 522 oratoria
893 461 990 523 oldris
1012 458 1061 521 vel
1083 460 1188 541 prima,
1212 460 1260 523 rel

156 548 228 608 sole.
280 550 387 611 Aurei.
409 551 568 631 Augustin.
592 552 718 635 Princip.
742 553 852 615 rhetor.
875 553 969 615 oretio
988 553 1199 615 Demosthenis
1218 553 1259 615 ad

22 708 23 735 γ
155 638 321 701 Periclem
343 642 501 705 accedens.
543 646 680 725 ὁμολογεῖ
706 648 809 718 (aheim
835 646 885 706 τὸν
912 649 1072 727 περιφανῶς
1099 645 1259 705 δεινότατον

155 738 299 811 γεγονότα
312 740 412 811 λέγειν
425 734 574 817 Περικλέα.
597 736 743 817 Hermog.
764 764 794 799 r.
809 737 876 797 derv.
891 740 1015 810 ζηλωτὴς
1033 742 1085 811 τῆς
1104 744 1153 797 τοῦ
1169 736 1258 815 ssepe·

21 814 23 873 l
153 830 256 896 κλέους
270 830 428 897 rohtreloe.
470 829 547 891 Plut.
562 830 601 891 de
616 829 744 891 Educet.
764 830 908 910 nepotes
921 829 1093 913 ybxmorpd
1106 838 1155 890 ros
1170 828 1257 909 dopn-

153 921 490 1000 γοριῑν-ἒσκεμμὲνος.
532 921 613 995 Plut.
636 934 777 1005 proecept.
798 921 882 1003 polit.
910 922 996 983 'Post
1020 920 1098 995 hoec,
1121 933 1156 981 ut
1179 922 1258 982 sotto

152 1023 249 1093 recte,
259 1012 345 1107 pddit
357 1012 533 1075 Plutarchus
548 1014 775 1075 exercitationes
786 1010 942 1093 improbas,
954 1013 1177 1075 subterraneum
1188 1032 1258 1075 con·

152 1106 248 1181 clare,
261 1126 359 1167 rasum
372 1106 446 1168 semi
460 1116 557 1189 caput,
572 1118 632 1169 eto.

190 1198 315 1279 Olymp.
332 1198 417 1260 cv1.
436 1204 467 1260 4.
486 1210 535 1259 et.
550 1198 640 1261 Dem.
659 1204 709 1265 29.
730 1222 755 1261 t.
776 1200 968 1261 Temocrotem.
987 1198 1116 1280 Dionys.
1130 1198 1170 1261 sd
1181 1201 1256 1259 Am·
1359 1229 1366 1241 .

151 1308 268 1351 meeum
289 1291 439 1351 Plutarch.
460 1291 567 1353 eodem
586 1312 674 1365 anno,
695 1312 754 1372 quo
769 1291 963 1362 Androtiana,
982 1311 1026 1351 sc.
1047 1291 1165 1353 biennio
1178 1300 1257 1353 ante.

152 1402 220 1443 cum
234 1402 294 1463 quo
308 1384 473 1445 comentire
485 1384 599 1445 ridetur
612 1382 737 1446 Gellius.
759 1383 806 1442 De
819 1404 877 1461 rep.
890 1384 1051 1446 ordinando.
1063 1403 1173 1469 nempe
1185 1394 1256 1465 post

151 1476 314 1535 orationem
324 1476 362 1539 de
378 1477 530 1551 classibus,
545 1498 633 1560 quam
655 1476 779 1557 primam
798 1476 911 1549 babuit,
925 1487 958 1537 et
977 1486 1045 1541 sote
1065 1476 1255 1559 Philippicas.

151 1565 562 1651 Φὼπαὸνπρογενὲπερος.
583 1570 703 1651 Ulpius.
717 1570 757 1631 ad
771 1577 845 1630 oret.
857 1568 922 1629 init.
1330 1576 1335 1585 '

192 1661 313 1742 Olymp.
328 1662 428 1724 CVII.
444 1668 472 1724 l.
487 1673 536 1723 set.
550 1664 642 1724 Dem.
656 1668 705 1725 80.
729 1662 843 1725 Praetor
856 1660 1072 1722 Aristodemus.
1094 1662 1253 1741 Philippico

149 1756 251 1831 primo.
285 1754 334 1816 lta
355 1755 528 1836 Dionysius,
552 1755 706 1837 Ulpianus,
732 1753 848 1826 Suides,
865 1763 896 1814 et
916 1752 1065 1833 Harpocr.
1084 1754 1162 1817 hanc
1186 1763 1255 1835 post

153 1844 346 1927 Olynthiacas
366 1848 524 1921 collocant,
539 1858 571 1909 et
590 1858 725 1928 quartam
747 1845 942 1927 Philippicam
955 1856 1121 1905 numerant.
1137 1844 1170 1904 C.
1184 1847 1253 1905 Ari·

152 1946 309 2018 ttocrotem,
320 1940 495 2007 Plutarchus
509 1940 702 2023 quadriennio
715 1949 784 2001 ente
796 1939 928 2001 habitam
942 1957 1007 1999 esse
1017 1936 1181 1999 contendit.

211 2032 310 2093 CVlI.
323 2038 355 2095 8.
377 2036 409 2094 de
424 2034 593 2095 Rhodiorum
607 2035 744 2107 libertum

211 2124 311 2186 CVII.
325 2130 355 2189 2.
376 2126 491 2189 Prsetor
505 2126 712 2189 Callimachus.
733 2136 784 2186 set.
797 2124 889 2188 Dem.
909 2128 960 2186 88.
975 2118 1252 2204 Olynthiaca1.11.

270 2230 303 2280 et
313 2218 373 2279 111.

229 2308 395 2393 Philippica
429 2312 472 2374 11.
496 2334 529 2373 ..·.
548 2314 671 2397 Olynth.
687 2313 729 2375 11.

229 2404 395 2486 Philippica
412 2406 470 2470 111.
495 2426 528 2467 ’.-
547 2407 672 2489 Olynth.
686 2404 746 2467 111.

230 2496 399 2579 Philippica
413 2501 465 2561 1v.
489 2518 522 2559 ε
541 2499 666 2583 Olynth.
683 2500 707 2559 l.

188 2589 316 2672 Dionys.
331 2591 369 2652 ad
384 2592 560 2653 Ammaeum.
578 2582 719 2654 Libe'nius
733 2589 764 2649 in
778 2608 891 2669 argum.
905 2589 1026 2651 Aristid.
1041 2609 1084 2650 or.
1100 2594 1128 2651 1.
1143 2590 1182 2652 de
1198 2588 1253 2651 So·

149 2680 265 2745 cietate.
288 2684 464 2745 Plutarchus
482 2686 513 2745 in
527 2685 565 2745 X.
580 2686 672 2747 Rhet.
686 2704 765 2745 enno
777 2684 867 2743 Dem.
888 2686 939 2748 st.
952 2683 1068 2745 habitas
1080 2684 1155 2745 vult
1186 2684 1251 2747 Nos

148 2775 323 2857 Dionysium
337 2778 495 2857 sequimur.
530 2776 608 2839 Nam
618 2776 771 2857 Philippus
785 2774 942 2855 Olynthios
957 2774 1077 2856 Olymp.
1093 2774 1208 2838 CVIII.
1220 2782 1251 2839 l.

148 2870 264 2929 evertit.
285 2868 407 2930 Photius
427 2870 458 2929 in
473 2870 550 2931 Bibl.
571 2890 601 2950 p.
615 2874 686 2931 808.
706 2889 784 2930 anno
796 2867 887 2929 Dem.
902 2872 952 2929 88.
965 2870 1081 2929 habitas
1094 2889 1161 2929 esse
1175 2872 1250 2932 vult.

149 2960 300 3024 Schottus.
330 2962 420 3023 Error
442 2963 539 3023 Photii
562 2973 593 3024 et
607 2961 768 3034 Plutarchi,
791 2960 872 3041 quod
893 2972 975 3023 cetat.
997 2962 1088 3023 Dem.
1108 2981 1168 3023 una
1189 2973 1253 3024 tota

147 3054 324 3135 Olympiade
345 3067 415 3117 ants
439 3057 510 3117 olias
531 3068 645 3130 notant,
668 3056 731 3117 scil.
750 3067 852 3118 netum
873 3075 940 3117 eum
956 3055 1047 3117 fuisse
1067 3056 1252 3119 contendunt

147 3146 269 3228 Olymp.
295 3148 490 3211 xcvt11.s.
532 3150 712 3231 Refragatur
736 3147 781 3209 his
804 3148 994 3211 concionibus
1013 3149 1174 3222 Demades,
1199 3152 1251 3232 qui

146 3240 304 3322 OlynthIos
317 3261 376 3302 non
391 3261 456 3303 esse
463 3244 609 3322 juvandos
623 3242 806 3323 pronunciat.
830 3240 945 3302 Suides.
988 3242 1051 3302 Res
1062 3240 1251 3323 Olynthiacss

146 3332 225 3395 circa
246 3335 306 3395 hoc
325 3344 450 3415 tempus.
492 3336 572 3395 Sicut
587 3336 756 3414 Olympiadis
765 3335 919 3401 ,centesimo
931 3334 1051 3411 septime
1063 3352 1136 3393 osso
1149 3344 1251 3414 quarto

147 3428 244 3509 (eod.
259 3430 346 3490 tertio
358 3428 446 3505 male)
461 3448 549 3510 quum
563 3450 616 3488 rex
631 3429 783 3509 Philippus
798 3426 943 3489 Graeciam
957 3438 1094 3509 quateret
1108 3428 1184 3487 Plin.
1200 3432 1250 3488 ll.

145 3526 196 3588 27.
222 3520 419 3583 Philochorus
429 3521 451 3581 l.
461 3528 491 3583 6.
507 3521 677 3583 Atticorum
687 3522 813 3603 Dionys.
827 3519 866 3580 ad
880 3520 1054 3581 Ammmum.
1069 3519 1253 3602 Cephisodo-

146 3626 192 3676 tus
207 3615 411 3685 πονδάζοντος
424 3614 555 3693 Χάρητος
568 3614 690 3683 cobirac
704 3612 803 3673 δοῦναι
813 3624 869 3674 νῦν
881 3616 943 3692 rspl
956 3614 1007 3674 τὸν
1017 3610 1189 3675 moturos
1199 3616 1251 3672 rsi-

145 3714 234 3791 λεμον
249 3708 405 3785 ἠγανάκτει
415 3710 531 3792 φάσκων
541 3712 581 3779 ric
593 3714 709 3787 πνίγμα
723 3707 773 3767 τὸν
786 3706 874 3786 δῆμον
884 3709 1048 3783 ἀγαγόντα,
1062 3708 1114 3773 τὰς
1128 3708 1249 3773 tibrim

145 3800 300 3881 respicies
311 3801 417 3865 διδόναι
432 3804 528 3871 οὕτως.
545 3801 697 3862 Aristotel.
714 3798 840 3859 Rhetor.
850 3797 908 3857 111.
923 3808 954 3858 et
966 3816 1007 3859 ea
1021 3814 1059 3858 eo
1072 3795 1202 3879 Dionys.
1214 3796 1255 3859 sd

146 3896 325 3957 hmmseum.
369 3896 417 3957 Ex
439 3894 615 3957 Philochoro
630 3900 660 3956 6.
674 3892 790 3954 atticor.
808 3896 896 3967 juxta
909 3890 1035 3975 Dionys.
1048 3890 1149 3953 Halic.
1181 3891 1252 3954 cst-

143 3988 285 4049 limsohus
305 3986 502 4071 Περγασῆθεν
517 3984 674 4073 [archon]
697 3983 899 4045 Athenienses
911 3984 1087 4047 auxiliantur
1102 3982 1251 4063 Olynthiis

144 4080 316 4161 ePhilippo
329 4082 466 4153 obsessis,
481 4100 523 4143 sc.
539 4087 618 4141 πελτ.
637 4082 739 4151 2000.
754 4096 821 4137 nav.
835 4082 886 4139 80.
900 4096 969 4137 cum
983 4076 1123 4149 Charete,
1145 4079 1181 4144 dr
1202 4078 1251 4136 rol
1268 4113 1280 4131 1

145 4180 377 4254 rurrrhtpporov.
394 4174 503 4234 deiude
517 4174 639 4235 societas
651 4192 719 4235 cum
734 4169 881 4251 OlynthiIs
890 4169 978 4231 tertio
986 4169 1069 4231 inita.

182 4266 406 4329 Demosthenes
421 4266 587 4351 Choragus.
602 4265 636 4331 C.
646 4264 776 4324 Midioen.
789 4273 858 4347 post
869 4263 934 4324 hoec
942 4281 1065 4323 uxorem
1078 4260 1171 4321 duxit.
1181 4276 1251 4321 nam

144 4360 294 4441 probabile
309 4370 356 4419 est
368 4378 448 4431 enm,
461 4378 528 4423 eum
544 4357 706 4423 Midianam
721 4357 794 4437 egit,
808 4374 933 4418 uxorem
946 4374 1005 4421 non
1015 4352 1163 4414 habuisse.
1178 4350 1252 4411 libe·

144 4472 192 4517 ros
204 4474 264 4515 non
278 4452 382 4516 hahuit
396 4464 489 4517 certe.
533 4452 666 4516 Ambirit
680 4449 817 4513 Chabrioe
829 4450 958 4525 viduam,
973 4444 1107 4527 thsippi
1119 4452 1253 4510 munem.
