2984 4917
219 306 298 369 siais
560 298 724 365 REISKII
752 292 982 361 PRAEFATID

223 461 380 523 Habemus
393 458 451 519 hoc
464 458 495 518 in
503 456 592 518 ‘titulo
605 459 695 517 hrese
708 464 913 535 mgtrmtom
931 452 1024 533 ipsios
1038 449 1145 533 operis.
1186 446 1331 531 Dspllcs·

223 554 333 613 donem
352 550 427 611 tituli
446 550 559 611 dabunt
580 547 772 629 insequentia.
814 546 918 607 Partes
941 544 1037 625 operis
1057 542 1207 623 sigillatim
1227 559 1331 623 perta·

225 642 357 725 quamur.
398 642 529 703 Titulum
551 642 663 723 excipit
682 637 830 701 dedioatio
848 638 888 699 ad
911 637 1073 697 Hominum
1087 635 1330 715 Reelrliogerum

228 746 261 797 et
270 734 513 816 christophorum
526 735 727 815 Peitiogerum
739 730 917 791 Doumriros
928 741 961 790 et
980 726 1018 790 ad
1029 730 1173 791 Comules
1187 748 1224 790 sc
1238 730 1332 790 Saos·

227 838 291 889 turo
311 828 429 909 inclytas
452 829 634 908 Augustarum
657 827 783 907 reipubl.
832 824 861 885 E
883 841 943 904 qua
962 826 1047 903 juvat
1066 823 1133 884 hac
1157 837 1332 903 excerperet

228 922 396 1001 Fuggarum
409 922 540 1002 appellat
553 932 707 1002 patronum
720 920 807 994 hujus
826 918 933 998 operis,
948 918 978 976 in
990 919 1074 996 enjus
1088 916 1118 976 id
1132 916 1248 977 nomine
1265 921 1330 993 jam

228 1014 348 1073 tertium
369 1014 512 1095 apparuit.
526 1042 567 1057 -
580 1012 693 1083 Prodiit
714 1010 930 1072 Demosthenes
950 1011 1050 1085 (modo
1073 1028 1170 1089 operte
1190 1018 1330 1087 typogra-

228 1106 325 1187 phicae
344 1124 404 1166 non
423 1107 462 1166 de
482 1107 598 1185 integro
611 1104 803 1165 deformariot
814 1122 861 1175 ea,
876 1122 943 1184 quse
955 1120 1015 1181 ego
1026 1120 1141 1161 summo
1154 1100 1256 1160 labore
1278 1118 1332 1159 ex·

228 1199 325 1279 poliri.
334 1198 423 1277 longe
437 1218 456 1259 a
469 1200 558 1279 prelo
571 1199 683 1269 absum,
697 1206 728 1257 et
740 1197 812 1257 alias
825 1196 898 1256 slios
910 1196 1031 1256 codices
1052 1193 1228 1272 chartasque
1241 1202 1331 1273 typo·

231 1292 344 1371 grapho
354 1292 440 1367 misi)
448 1292 496 1351 hic
510 1292 598 1371 igitur
611 1291 740 1370 inquam,
750 1288 829 1368 quod
841 1289 960 1369 quidem
972 1288 1003 1346 in
1015 1305 1065 1346 me
1078 1286 1140 1356 luit,
1148 1303 1182 1345 se
1195 1294 1332 1365 spectatu

231 1383 302 1443 dum
315 1381 539 1454 Demosthenes,
551 1402 617 1445 euro
631 1402 690 1442 non
701 1381 921 1443 contemnendo
932 1378 1071 1441 comitatu
1084 1379 1200 1460 praehet

485 1490 537 1539 Jsm
547 1488 634 1552 positis
644 1502 720 1537 novus
731 1485 823 1537 suariis
831 1487 965 1549 niditosqos
972 1487 1080 1548 jurata.

233 1577 295 1639 Sed
308 1578 347 1638 ad
361 1596 490 1657 gracum
510 1580 693 1659 archetypon
705 1574 895 1643 redeo-»rote
913 1578 1067 1657 φιλέλλησι
1084 1590 1182 1653 spero.
1215 1571 1333 1651 Scripta

232 1670 298 1729 haec
309 1680 354 1730 est
368 1671 517 1733 dedicatio
531 1672 633 1733 Idibus
645 1669 785 1750 Augusti,
794 1668 885 1728 natali
895 1686 972 1729 meo.
984 1667 1070 1727 Anno
1085 1667 1267 1730 lt.8.1570.
1281 1684 1332 1725 eo·

233 1763 302 1823 dero
316 1762 405 1843 igitur
416 1785 474 1844 quo
485 1766 617 1827 Parisios
628 1764 748 1847 prodiit.
777 1762 859 1841 Ergo
870 1764 931 1840 jam
945 1772 1008 1821 tum
1020 1762 1154 1823 absoluta
1162 1760 1254 1842 praelo
1267 1767 1333 1821 erat

231 1856 298 1915 haec
306 1856 393 1915 editio
408 1858 538 1917 secunda
551 1858 651 1919 Wolfii
663 1855 862 1936 gratematina,
877 1873 930 1914 seo
942 1868 1047 1934 quarta
1056 1856 1213 1928 Wolfiana,
1224 1865 1258 1914 ut
1267 1854 1332 1935 ipse

233 1947 391 2009 Wolfeam
406 1948 546 2029 appellat.
583 1948 643 2009 Sed
658 1957 841 2026 supererant,
855 1955 888 2006 ut
900 1947 1041 2026 suspicor,
1055 1948 1153 2009 adhuc
1166 1946 1333 2027 supplenda

233 2041 368 2119 quadam
382 2058 418 2100 ex
433 2040 561 2100 editione
575 2039 716 2110 Parisino,
731 2058 798 2117 quse
808 2056 856 2097 res
870 2038 1084 2116 evulgationem
1099 2040 1130 2098 in
1143 2038 1267 2099 alterum
1280 2057 1333 2098 an·

233 2152 304 2192 oum
315 2132 452 2193 extraxit.
467 2152 524 2211 qua
535 2132 573 2193 de
583 2152 616 2193 re
627 2142 693 2212 post
702 2130 845 2212 pluribus.
866 2132 937 2211 Ipse
947 2130 1035 2191 Wolf
1043 2130 1197 2210 aliquoties
1209 2141 1336 2191 testatur

233 2245 266 2286 se
275 2244 351 2285 anno
362 2230 449 2288 1569.
458 2226 511 2286 has
521 2236 633 2306 quartae
642 2220 851 2305 recognitionis
859 2224 1059 2287 annotationes
1067 2224 1283 2305 conscripsisse.
1293 2230 1334 2300 (r.

187 2384 193 2396 ,
235 2330 366 2379 annotat.
380 2319 418 2379 ad
431 2340 460 2400 p.
470 2322 541 2385 786.
553 2320 603 2380 ubi
627 2320 669 2381 ait
690 2339 726 2380 eo
740 2321 857 2380 demum
872 2338 949 2379 anno
966 2339 1068 2380 secum
1087 2338 1153 2381 esse
1171 2320 1335 2380 communi·

235 2422 332 2472 catam
346 2411 480 2472 Aldinam
501 2412 706 2478 aTheobaldo
718 2412 905 2472 Theoderico
924 2412 1143 2490 Argentineosl,
1161 2410 1216 2472 sed
1226 2411 1335 2472 Parisi-

228 2520 312 2575 ,nam,
331 2522 419 2583 quam
438 2504 572 2585 Oporino
596 2504 730 2575 misisset,
754 2522 931 2583 recuperare
954 2522 1014 2562 non
1034 2504 1172 2585 potuisse.
1213 2502 1334 2583 Ergone

236 2594 367 2657 Parisios
380 2616 496 2676 quoque
510 2602 572 2674 jaro
585 2602 762 2659 ann01569.
777 2596 906 2678 prodiitl
937 2596 1105 2676 Sequuntur
1118 2596 1337 2659 dedicationem

233 2690 368 2751 uersiculi
390 2689 475 2769 graeci
496 2690 635 2771 latinique
658 2690 760 2750 Wolfii
783 2689 904 2749 adrem
923 2689 964 2748 nil
983 2690 1144 2762 facientem
1168 2698 1232 2749 mm
1251 2688 1336 2750 testi·

233 2782 333 2842 monia
351 2782 388 2841 de
403 2782 604 2844 Demosthene
618 2794 750 2844 veterum
771 2802 933 2861 gracorum
950 2782 1174 2863 latinorumque,
1195 2782 1247 2843 illa
1266 2800 1335 2841 cum

232 2873 436 2935 latianollii
457 2875 711 2957 interpretatione3
731 2886 793 2934 mm
818 2885 961 2955 excerpta
984 2894 1024 2935 ex
1048 2874 1173 2971 episgla
1196 2872 1335 2934 Matthia

237 2965 386 3039 Schenkii,
397 2968 575 3046 Augustaooe
590 2968 700 3029 scholae
710 2970 821 3028 Annam
834 2968 964 3045 magistri
974 2967 1099 3047 primarii
1109 2968 1149 3027 ad
1158 2967 1335 3047 Hieronym.

236 3058 376 3119 Wolfium
392 3058 577 3119 18..lanuarii
590 3063 678 3125 1571.
689 3060 806 3139 scripta,
821 3060 917 3138 qusai
931 3060 1061 3120 laborem
1073 3058 1334 3121 Demosthenicum

236 3151 416 3211 exantlatum
439 3150 622 3228 gratulatur3
641 3152 711 3211 inde
732 3168 852 3211 mrmeo
873 3150 957 3211 Pauli
980 3150 1096 3213 Melissi
1117 3150 1222 3212 Franci
1244 3168 1335 3230 super

235 3244 338 3305 eadem
352 3264 395 3305 re.
437 3243 514 3303 'l'um
528 3244 618 3305 series
632 3244 728 3323 operis
742 3244 963 3303 Demosthenioi
976 3244 1008 3303 in
1017 3250 1048 3307 6.
1061 3256 1158 3305 tomos
1176 3242 1333 3314 distributi,

237 3355 359 3416 quorum
374 3346 498 3416 quatuor
519 3335 629 3416 priores
649 3354 741 3416 opera
759 3336 969 3399 Demosthenis
988 3348 1020 3398 et
1033 3337 1182 3399 AEsehinis
1203 3337 1335 3416 comple·

236 3439 364 3498 ctuntur,
379 3428 496 3508 quintus
511 3428 630 3508 Ulpiani
649 3428 882 3500 commentarios,
904 3446 971 3489 oum
985 3430 1219 3493 annotationibus
1232 3430 1335 3491 Wolfii

235 3522 276 3583 ed
287 3520 417 3592 eosdem,
432 3522 615 3583 accessiones
635 3521 674 3581 od
690 3520 849 3602 Ulpianum
869 3542 907 3583 ex
927 3519 1055 3583 editione
1069 3522 1209 3596 Parisios,
1224 3523 1337 3583 Demo·

236 3614 346 3675 athenis
357 3614 416 3674 vita
429 3614 589 3687 eleaoio,
599 3614 769 3688 Plutarcho,
779 3614 914 3676 Luciaoo
926 3628 957 3677 ct
967 3616 1067 3677 Suida.
1089 3616 1235 3677 AEschiois
1244 3617 1305 3677 vita
1316 3636 1336 3677 a

236 3708 405 3780 Plutarcho,
415 3716 445 3767 et
457 3706 515 3768 alia
524 3708 637 3769 incerto
650 3720 778 3780 auctore,
790 3709 941 3789 Apollonii
954 3710 984 3769 in
996 3710 1164 3771 AEschioem
1179 3710 1336 3783 enarratio,

236 3800 383 3860 AEsehlois
404 3800 463 3861 vita
482 3820 499 3861 e
515 3800 616 3875 Suida,
630 3800 731 3862 Wolfii
751 3804 955 3863 annotationes
977 3804 1008 3862 io
1025 3804 1089 3864 illas
1106 3805 1194 3866 vitas.
1214 3800 1336 3864 tandem

232 3894 353 3973 'farrago
374 3894 593 3955 annotationum
615 3896 804 3967 Reuberana,
823 3896 861 3956 de
879 3917 938 3976 qua
950 3918 1039 3979 supra
1052 3899 1186 3971 diximus,
1207 3918 1274 3960 cunr
1295 3900 1336 3960 de

236 3984 433 4065 Hermagiana
454 3988 548 4068 prima
569 3988 743 4051 diceremus.
786 3988 879 4049 Sexto
893 3990 1019 4071 denique
1041 4003 1123 4052 torno
1144 3992 1209 4053 boec
1226 3992 1337 4055 insunt.

235 4078 366 4139 Primum
380 4089 473 4139 totum
488 4081 638 4161 specimen
653 4080 862 4143 Demosthenis
885 4083 1040 4165 recogniti,
1050 4085 1089 4145 de
1102 4100 1161 4165 quo
1174 4096 1244 4145 ante
1254 4084 1337 4146 dice·

236 4174 339 4233 bamus
354 4172 390 4231 A.
403 4176 491 4236 1569.
506 4173 664 4255 proditum,
678 4174 728 4235 hic
749 4176 895 4249 iteratum,
910 4198 947 4237 ne
967 4178 1053 4239 litera
1067 4180 1185 4258 quidem
1207 4190 1337 4250 mutatag

232 4265 345 4327 'deinde
365 4278 508 4329 annotatt.
530 4266 630 4327 Woliii
650 4266 690 4329 ad
710 4288 812 4333 omnes
833 4270 1039 4333 Demosthenis
1060 4285 1091 4334 et
1105 4273 1249 4335 AEschinia
1270 4294 1337 4335 ora·

235 4360 339 4423 tiones.
353 4371 418 4441 post
434 4363 523 4423 uario
542 4364 682 4423 lectiones
707 4362 797 4425 totius
822 4366 916 4445 operis
935 4360 1156 4428 Demosthenici
1179 4378 1339 4449 equatuor

221 4452 357 4516 ''diversis
373 4454 523 4519 codicibus
537 4456 679 4531 collecta·
702 4454 777 4517 Sunt
790 4457 831 4517 illi
841 4470 964 4538 quatuor
979 4458 1098 4521 codices
1113 4460 1204 4525 editio
1216 4461 1335 4537 Aldina,
