2984 4917
530 252 592 313 AD
612 251 966 316 DEMOSTHENEM.
1207 257 1286 321 calin

185 413 273 473 1601.
285 405 402 469 editum
413 404 616 479 Prudentium,
630 406 677 467 cul
692 405 795 469 addita
812 419 881 469 sunt
901 407 959 469 elie
975 408 1126 489 complura
1144 410 1286 489 opuscula

183 498 348 583 mgumnti
369 498 531 571 nomam,
551 518 618 577 quer
638 511 775 561 recenset
799 498 951 561 Fabricius
964 501 1000 561 B.
1017 502 1057 561 G.
1071 501 1108 561 T.
1123 502 1160 559 X.
1171 521 1202 580 p.
1216 506 1287 563 382.

183 593 290 655 dm'nde
311 590 439 653 triennio
454 590 684 653 Demosthenem
709 592 852 652 Aldinum
876 592 932 652 sub
955 592 1048 672 praelo
1073 592 1201 664 haesisse,
1222 602 1286 651 tum

183 686 282 767 magni
301 684 408 745 feohse
422 683 543 756 Aldum,
563 684 776 765 magnificeque
788 683 1003 763 depraedioesse
1022 684 1067 775 sui
1080 684 1287 745 Demosthenis

183 779 373 860 elegantiam,
386 788 416 837 et
430 797 531 839 eurum
545 777 575 837 in
588 784 651 857 ejus
664 776 870 839 emendatione
880 776 1014 856 positam.
1053 777 1172 838 Chartae
1185 776 1287 857 utique

181 884 251 935 sunt
270 871 402 942 mundae,
426 871 488 951 typi
510 890 566 951 pro
578 871 634 931 ista
646 880 734 931 etam
754 870 834 940 belli,
859 869 950 931 editio
969 868 1013 929 sic
1031 869 1101 929 satis
1122 865 1287 931 emendata.

183 965 307 1025 Mandis
318 963 437 1043 quidem
455 964 571 1024 laborat
588 964 682 1026 mutto
695 962 891 1043 paucioribus,
904 980 994 1041 quem
1013 981 1068 1042 pro
1085 960 1168 1021 istius
1189 962 1289 1021 saeculi

182 1056 333 1126 tarditate,
349 1054 497 1134 inprimis
517 1056 660 1117 bonarum
680 1056 830 1117 literarum
849 1054 989 1125 exordiis,
1001 1053 1032 1113 in
1045 1063 1126 1113 tanta
1144 1053 1288 1113 subsidio·

182 1168 248 1208 rum
276 1147 448 1208 criticorum
467 1147 598 1226 penuria,
622 1159 821 1227 exspectetur·
861 1148 926 1209 lmo
938 1147 1037 1207 insunt
1048 1146 1077 1205 ei
1090 1146 1191 1207 multae
1203 1165 1288 1225 egre·

183 1240 241 1319 gisa
254 1238 411 1311 lectiones,
419 1258 492 1318 quas
503 1250 613 1299 temere
627 1240 664 1299 ab
675 1238 814 1300 insecutis
827 1238 987 1301 editoribus
998 1240 1151 1319 neglectas
1163 1259 1287 1299 necesse

182 1332 242 1391 t'nit
254 1346 274 1391 a
286 1347 336 1391 me
349 1348 449 1391 rursus
462 1330 501 1391 ed
513 1331 609 1391 lucem
623 1340 654 1391 et
667 1348 752 1391 usum
765 1331 899 1391 revocari
918 1341 1005 1411 atque
1018 1331 1168 1391 vindicari·
1206 1331 1287 1390 Pre-

181 1424 243 1484 faie
255 1423 334 1483 enim
355 1422 475 1483 editioni
487 1423 538 1496 illl,
553 1423 583 1483 id
597 1424 676 1503 quod
689 1423 853 1503 suspicione
870 1442 930 1483 non
941 1442 1059 1504 prorsus
1072 1423 1256 1503 improbabili
1269 1436 1294 1485 e'

183 1514 285 1574 verbis
300 1513 369 1575 Aldi
392 1514 510 1593 colligo,
526 1515 783 1589 Carteromschus,
804 1516 849 1575 vir
869 1534 968 1594 groece
988 1516 1135 1595 latineque
1156 1515 1290 1577 doctissi-

183 1626 269 1677 000ος
289 1624 375 1685 quem
398 1608 436 1667 eh
451 1608 758 1672 01500οι11507.
779 1608 985 1688 typographeo
1004 1608 1116 1668 Aldine
1141 1620 1289 1669 rectorem

183 1718 351 1778 operarum,
366 1709 396 1757 et
410 1698 592 1759 edendorum
606 1719 728 1779 operum
750 1710 901 1760 auctorem
920 1699 1184 1780 inspectoremque,
1197 1722 1287 1781 quem

180 1792 272 1851 hodie
289 1792 497 1853 correctorem
511 1792 668 1872 appellant,
681 1790 831 1871 praefuisse
843 1803 968 1853 constat.
1009 1793 1072 1853 Cur
1090 1793 1218 1853 thermas
1237 1813 1288 1872 ap

182 1884 274 1964 pellet
290 1885 387 1945 Aldus
409 1904 492 1945 suam
513 1886 656 1946 officinam
676 1886 932 1967 typographicam,
945 1884 975 1945 id
988 1905 1059 1946 vero
1072 1906 1132 1946 non
1144 1885 1287 1964 intelligo.

183 1976 249 2037 Nisi
262 1976 328 2037 siid
342 1996 424 2039 more
438 1978 483 2038 sui
497 1979 598 2039 soeculi
612 1978 695 2056 fecit,
707 1998 768 2059 quo
776 1978 928 2058 probabile
942 1990 988 2039 est
1000 1979 1136 2039 balneum
1149 1978 1196 2037 rel
1209 1978 1290 2037 ther·

183 2088 248 2131 mas
267 2070 447 2150 appellatum
467 2070 558 2131 fuisse
570 2071 663 2143 idem,
682 2071 761 2151 quod
774 2092 828 2134 nos
840 2071 930 2132 hodie
943 2070 1086 2132 officinam
1098 2070 1290 2151 appellemus,

183 2162 334 2223 interdum
347 2180 465 2243 quoque
482 2164 675 2243 vaporarium,
689 2165 772 2243 quod
784 2164 927 2243 ejusmodi
940 2163 1063 2223 officinm
1077 2162 1245 2223 fornacibus
1257 2163 1290 2223 in

183 2272 271 2315 usum
283 2274 440 2334 operarum
452 2255 599 2315 instructae
613 2268 722 2329 essent,
742 2275 780 2316 ne
793 2276 848 2336 per
860 2256 999 2337 hyemem
1017 2257 1056 2315 ob
1074 2256 1188 2334 frigoris
1209 2255 1291 2316 saeri-
1355 2251 1361 2261 ’

183 2348 255 2407 tiem
268 2348 306 2407 ab
319 2367 409 2427 opere
422 2347 590 2410 feriandum
611 2359 700 2409 esset.
740 2349 960 2432 ¹subobscurum
978 2348 1051 2407 mihi
1069 2348 1141 2407 item
1153 2348 1212 2407 hoc
1232 2358 1290 2420 est,

183 2438 262 2517 quod
276 2440 315 2499 de
334 2438 485 2517 paucitate
503 2440 728 2517 exemplarium,
746 2459 813 2519 quae
834 2428 944 2500 exctnli
964 2439 1123 2515 curaverit,
1141 2433 1290 2499 admonet.

183 2530 307 2590 Inducit
320 2550 368 2589 me
381 2541 482 2591 tamen
496 2530 552 2590 iate
561 2530 646 2590 locus
660 2531 690 2587 in
703 2530 911 2611 suspicionem,
925 2550 992 2609 quse
1005 2530 1126 2589 dubium
1140 2530 1289 2609 expedint,

183 2643 239 2684 cnr
252 2622 350 2682 Aldus
363 2622 469 2681 eodem
489 2641 567 2683 anno
588 2621 634 2681 bis
655 2620 890 2681 Demosthenem
912 2620 1059 2692 edideritg
1082 2621 1119 2680 de
1133 2641 1192 2701 quo
1205 2633 1290 2683 certo

182 2725 310 2787 constat,
329 2714 460 2793 quamvis
484 2733 546 2774 rem
566 2714 659 2794 ipsam
680 2712 803 2774 mireris.
855 2713 931 2773 Duas
955 2713 1056 2791 utique
1078 2723 1147 2773 sunt
1169 2714 1290 2775 Alutae

183 2806 398 2867 Demosthenis
411 2826 472 2866 non
485 2826 589 2905 parum
609 2806 687 2866 inter
706 2794 963 2885 se'discrepantes.
984 2806 1039 2865 sed
1051 2806 1178 2865 eundem
1194 2808 1290 2866 ambre

185 2918 297 2960 annum
315 2898 519 2979 preferentes,
535 2898 719 2977 eandemque
738 2898 949 2977 praefationem,
968 2898 1080 2976 paginis
1092 2896 1164 2956 item
1177 2908 1209 2957 et
1225 2916 1291 2955 ver-

186 3010 274 3053 suum
288 3010 411 3052 aunmro
432 2990 553 3051 interae
567 2990 797 3051 consentientes.
838 2990 875 3051 In
896 2989 1067 3051 lectionibus
1087 3001 1186 3051 antem
1208 3010 1289 3069 soepe

184 3104 207 3145 a
218 3104 252 3145 se
269 3084 391 3145 multum
412 3084 587 3155 discedunt;
606 3084 638 3144 id
661 3084 741 3163 quod
764 3083 862 3143 statim
879 3082 998 3163 plenum
1021 3083 1127 3144 haiam
1149 3082 1290 3161 exemplis

185 3178 357 3259 prodendis,
379 3198 447 3257 qum
468 3177 589 3237 dubiem
614 3178 670 3237 hac
692 3176 731 3236 de
751 3196 785 3236 re
814 3176 926 3236 nullum
950 3175 1123 3255 relinquant.
1165 3176 1290 3237 Videtur
1389 3216 1392 3223 -

185 3290 292 3349 nempe
303 3270 396 3329 Aldus
409 3289 456 3341 eo,
468 3269 548 3349 quod
562 3289 658 3349 panca
671 3269 875 3329 tantummodo
889 3269 1098 3329 Demosthenis
1110 3267 1290 3347 exemplaria

186 3372 320 3423 curasset
334 3361 451 3432 excudi,
466 3361 611 3435 effecisse,
625 3373 660 3421 ut
670 3361 730 3422 cito
745 3380 783 3421 ea
791 3361 1028 3421 distraherentur.
1060 3360 1288 3439 Requirentibus

185 3454 287 3534 itaque
309 3444 341 3515 et
363 3454 559 3533 flagitantibus
584 3453 764 3533 exemplaria
781 3473 801 3514 a
817 3474 851 3513 se
868 3453 940 3513 satis
957 3452 1021 3513 lieri
1034 3453 1118 3513 aliter
1128 3472 1187 3511 non
1201 3472 1288 3533 posse
1322 3474 1326 3494 ¹

186 3546 289 3606 ridens
304 3545 406 3617 Aldus,
421 3565 509 3624 quam
527 3565 603 3605 nova
616 3546 797 3605 instituenda
808 3546 948 3618 editione,
969 3563 1068 3605 rursus
1085 3544 1192 3605 eodem
1210 3557 1288 3607 anno

188 3638 420 3699 Demosthenem
439 3638 532 3717 praelo
553 3658 607 3698 suo
627 3637 768 3707 submisit,
781 3638 836 3697 sed
849 3637 1028 3716 diligentius,
1047 3649 1109 3697 ete
1123 3638 1289 3699 melioribus

187 3730 349 3799 codicibus,
362 3730 570 3790 emaculatum.
612 3729 721 3789 Prioris
742 3729 876 3790 editionis
897 3730 1066 3808 exemplum
1085 3748 1177 3810 penes
1191 3730 1288 3791 Obso-

186 3844 286 3902 0000
299 3822 365 3893 fuit,
379 3834 410 3882 et
425 3823 671 3902 Monoteneyum,
691 3832 730 3895 et,
750 3823 833 3901 quod
849 3822 991 3901 suspicor,
1007 3822 1094 3881 etiam
1108 3841 1198 3901 penes
1213 3822 1291 3904 Tay·

185 3916 299 3986 10τοος
319 3916 390 3975 mihi
411 3916 523 3977 nnhum
536 3916 619 3976 licuit
632 3936 791 3996 ustupore;
811 3917 977 3996 posterioris
990 3916 1051 3977 vidi
1064 3917 1202 3997 exempla
1214 3917 1287 3990 duo,

187 4028 289 4081 rmrau,
302 4008 381 4087 quod
392 4009 553 4069 Weimarie
565 4008 799 4070 Bartholomaeus
809 4010 847 4071 V.
860 4010 895 4070 C.
913 4010 954 4071 ad
971 4030 1020 4070 me
1041 4008 1128 4082 misit,
1150 4030 1209 4089 quo
1229 4030 1287 4069 nos

185 4102 267 4161 licuit
280 4102 352 4160 nihi
365 4102 520 4182 plusquam
534 4102 653 4163 octiduo
664 4102 726 4173 uti;
739 4102 875 4173 alterum,
887 4105 968 4183 quod
978 4103 1159 4182 indulgentia
1169 4101 1288 4164 Ordinis

186 4194 370 4275 Amplissimi
393 4194 562 4275 Lipsiensis,
587 4214 624 4255 ex
648 4198 710 4271 ejus
734 4194 915 4256 bibliotheca
934 4196 1060 4276 publica,
1084 4206 1149 4256 toto
1170 4194 1289 4255 biennio
1329 4176 1351 4237 ρ

185 4305 277 4365 penes
296 4305 345 4345 me
358 4286 455 4348 habui.
499 4290 594 4354 Quem
607 4285 732 4365 plurima
750 4286 838 4365 hujus
857 4287 900 4349 rei
913 4288 1048 4368 esmpla
1061 4296 1092 4347 et
1104 4297 1288 4365 arguments,

184 4378 262 4441 unde
273 4388 392 4441 constat
401 4381 439 4441 eh
453 4380 542 4455 Aldo,
556 4380 663 4441 eodem
678 4398 766 4456 enno,
779 4380 863 4458 duas,
876 4379 952 4441 inter
966 4400 998 4441 se
1012 4380 1221 4457 discrepantes,
1231 4380 1287 4441 sub
