2984 4917
515 314 575 377 AD
597 314 949 381 nssmosunauluu.
1151 317 1278 379 'clxxxix

174 470 266 541 varias
285 468 430 533 lectiones
443 468 482 529 ad
495 468 585 531 uitem
604 469 635 531 S.
651 469 736 533 Paull
750 471 888 537 Eremite
908 492 926 535 e
946 472 1051 535 codice
1063 470 1132 535 msti
1146 471 1281 552 Capittdi·

174 562 353 625 Veronensis
366 582 384 623 a
397 582 430 623 se
445 562 613 640 diligentius
623 563 770 643 inspecto,
783 565 928 638 meliores,
940 585 1033 646 quam
1041 585 1082 626 ex
1095 565 1201 626 eodem
1217 586 1275 640 ,co-

175 656 241 724 dice
256 656 418 720 vallarsius
433 665 521 717 antea
540 656 636 717 minus
655 653 814 721 emendate
833 661 981 723 edidisset.
994 660 1092 721 nobile
1105 661 1277 740 exemplam

177 748 228 807 dat
237 750 321 809 locus
335 749 412 808 Livii
432 747 470 806 L.
485 746 569 807 XLI.
589 767 655 829 cap.
668 755 698 811 9.
711 769 730 812 a
741 751 887 815 Lambino
906 752 1089 825 emendatus,
1103 753 1225 832 dequo,
1244 774 1277 823 r.

179 842 216 903 T.
230 842 301 907 vll.
313 842 391 913 Livii
404 840 610 927 Drakenborg.
624 863 655 923 p.
668 848 739 907 228.
753 849 824 906 224.
848 846 984 907 Occurrit
996 847 1085 907 etiem
1097 845 1191 907 dante
1203 846 1275 927 quid

179 935 337 997 Wetstenii
354 934 563 1015 prolegomena
582 936 621 999 ad
635 936 674 998 N.
689 937 728 997 T.
747 938 869 1018 legenti.
911 938 972 999 Sed
990 940 1075 999 locus
1097 958 1115 997 e
1134 942 1280 1002 memoria

179 1028 302 1103 excidit,
318 1046 414 1107 aeque
427 1046 506 1089 nunc
526 1026 672 1106 inquirere
684 1042 781 1091 recat.
819 1033 976 1099 Quomodo
995 1031 1092 1091 codex
1110 1032 1161 1092 bic
1173 1034 1278 1112 Augu.

178 1132 251 1183 rtem
275 1118 431 1199 pervenit?
462 1119 556 1179 Haud
579 1130 701 1183 constat.
743 1124 928 1185 Conveniunt
950 1125 1024 1184 inter
1047 1144 1081 1183 se
1103 1124 1277 1203 plerumque

181 1211 254 1291 Aug.
277 1232 322 1291 pr.
339 1211 430 1271 Perit.
442 1212 562 1291 primus,
577 1212 741 1275 Vindobon.
763 1216 988 1278 Wolfenbutteh
1004 1217 1201 1297 Harleyanus,
1216 1219 1277 1278 Ba.

179 1304 342 1375 rocciauus,
357 1305 387 1363 in
400 1305 497 1365 multis
511 1316 609 1365 tamen
623 1326 722 1369 rursus
732 1309 809 1369 inter
822 1330 888 1371 sese
900 1309 1078 1391 discrepant,
1089 1321 1122 1371 ut
1133 1330 1194 1397 non
1207 1331 1279 1391 pos«

180 1396 237 1457 sint
245 1417 349 1459 omnes
358 1398 396 1459 ab
411 1417 470 1457 uno
479 1398 586 1457 eodem
598 1398 837 1478 fontemanasse.

577 1730 706 1796 SECT.
729 1730 877 1801 XVIII.
928 1766 943 1793 a
962 1812 966 1819 .

359 2002 362 2009 ῃ
463 1931 514 1991 De
526 1930 670 1991 Codicibur
684 1931 859 2009 Augustorir
878 1930 1001 2009 reliquis.

222 2113 333 2175 Vasio
347 2134 427 2175 nunc
442 2116 481 2175 ed
495 2116 712 2195 Augustnnum,
733 2102 821 2191 quem
836 2111 1000 2173 secundum
1013 2109 1160 2190 eppellito,
1175 2108 1225 2190 qui
1239 2096 1293 2171 siss'

184 2219 290 2287 gnatus
303 2218 367 2267 erat
386 2229 415 2289 p.
427 2211 477 2273 76.
492 2229 523 2271 n.
537 2196 584 2269 11.
599 2206 739 2271 Continet
757 2206 807 2265 hic
826 2204 933 2276 codex,
956 2204 1079 2286 primum
1098 2202 1280 2282 Stephanum

185 2299 380 2381 Byzantinum
394 2319 431 2361 ax
445 2300 573 2361 editione
586 2299 671 2368 Aldi;
692 2309 755 2358 tum
769 2297 979 2359 Demosthenis
993 2295 1194 2375 Olynthincas,
1210 2294 1280 2379 Phi-¹

185 2392 318 2473 lippicas,
328 2393 487 2471 suasorias,
497 2394 535 2453 de
548 2412 666 2463 corona,
682 2400 713 2453 et
722 2391 760 2450 de
770 2390 845 2451 falsa
856 2389 1016 2471 legatione.
1034 2387 1142 2449 Codex
1154 2386 1280 2476 scriptus

184 2494 228 2547 ert
248 2484 329 2545 circa
347 2486 426 2545 idem
448 2496 573 2567 tempus,
586 2505 644 2567 quo
667 2484 764 2545 Aldus
789 2483 971 2563 Stephanum
993 2493 1025 2541 et
1045 2482 1280 2542 Demosthenem

183 2574 286 2647 edidit,
305 2588 505 2639 verumtamen
525 2598 584 2639 non
605 2597 644 2639 cx
659 2576 727 2637 Aldi
741 2577 878 2657 exemplo
897 2577 1050 2656 impresso.
1073 2574 1181 2634 multas
1202 2574 1281 2636 enim

186 2676 267 2729 tenet
281 2668 428 2729 lectiones
446 2672 483 2731 ab
498 2670 610 2729 Aldino
623 2668 764 2731 diversae
777 2670 877 2729 codex
891 2680 937 2729 est
950 2678 1028 2727 notoe
1041 2686 1139 2750 neque
1152 2667 1282 2751 optimae,

186 2778 282 2840 neque
295 2761 438 2842 pessimoe.
452 2782 499 2821 me
513 2774 596 2823 certe
610 2781 669 2821 non
689 2762 825 2841 poenituit
846 2782 914 2822 eum
936 2759 1104 2821 contulisse.
1146 2758 1280 2843 Scriptus

187 2862 231 2913 eet
243 2852 274 2912 in
284 2853 373 2914 ltalia
385 2873 403 2914 s
416 2854 549 2935 greculo
561 2854 698 2937 quodam.
739 2853 825 2933 Coepi
837 2853 924 2935 hunus
934 2850 1121 2913 collationem
1135 2850 1199 2911 d.1.
1209 2850 1281 2914 Oct.

190 2946 277 3009 1766.
292 2945 402 3005 absolvi
416 2946 506 3011 d.17.
521 2946 607 3005 Febr.
624 2946 712 3011 1767.
898 3019 901 3027 ¹
1277 3010 1282 3027 ‚

219 3036 351 3098 Tertium
358 3040 564 3117 Augustanum
578 3038 696 3118 appello
709 3056 788 3109 eum,
800 3036 850 3116 qui
860 3034 993 3114 catalogi
1004 3030 1186 3100 Reusnerani
1199 3035 1283 3113 p.77.

188 3150 217 3189 n.
227 3131 397 3211 adgnatos
411 3124 465 3203 est',
480 3142 511 3191 et
525 3130 715 3210 Olynthiacas
729 3141 760 3190 et
773 3129 951 3209 Philippices
967 3147 1054 3207 pene
1067 3137 1150 3187 tenet
1170 3147 1283 3212 omnes,

189 3240 256 3281 nam
269 3223 299 3285 in
314 3234 387 3283 oret.
407 3224 548 3283 aduersus
570 3222 696 3302 Philippi
717 3222 872 3303 epistolam
895 3241 925 3302 p.
937 3227 987 3283 90.
997 3225 1047 3282 25.
1061 3219 1092 3277 in
1103 3239 1177 3279 uoce
1196 3222 1283 3309 αὐτὸς

188 3312 350 3375 desinebat.
365 3314 459 3376 codex
472 3334 532 3375 non
546 3314 644 3393 mngni
657 3313 821 3386 faciendus,
843 3316 881 3373 ab
900 3314 1028 3383 indocto,
1047 3312 1150 3391 supino
1164 3324 1196 3372 et
1210 3314 1283 3373 obli-

187 3404 268 3465 vioso
285 3406 402 3467 librario
416 3418 563 3479 erasmus,
578 3425 664 3466 manu
688 3406 822 3486 sordida:
845 3406 965 3467 Scholia
985 3404 1119 3485 quedam
1137 3394 1285 3487 adscripta

187 3498 293 3577 possim
304 3500 426 3560 ernntin
441 3500 620 3578 marginibus
631 3499 743 3577 liquore
753 3500 849 3571 rubro,
860 3500 914 3559 sed
926 3499 969 3559 ita
981 3497 1091 3579 pallido
1105 3508 1136 3558 et
1149 3498 1283 3575 evanido,

189 3601 221 3650 ut
237 3590 295 3669 legi
306 3592 468 3671 nequirent.
509 3591 695 3653 Orationibus
716 3592 891 3673 quibusdam
909 3593 1044 3667 subjecta
1064 3602 1149 3651 erant
1171 3593 1284 3658 acholio

188 3701 226 3741 ex
243 3682 395 3761 Ulpiancis
409 3694 558 3765 excerpta,
572 3694 736 3743 atramento
754 3684 872 3765 scripta,
891 3684 997 3744 eodem
1020 3694 1121 3744 tenore
1135 3704 1202 3744 cum
1217 3686 1284 3745 reli·

190 3794 248 3863 quo
263 3795 389 3859 corpore
402 3775 575 3837 orationum.
617 3775 722 3837 Parum
736 3776 806 3835 mihi
819 3777 930 3857 profuit
941 3776 991 3837 hic
1004 3776 1112 3849 codex,
1127 3778 1176 3858 qui
1189 3779 1284 3855 nullae

188 3868 343 3940 lectiones,
357 3871 448 3929 bones
462 3870 590 3947 quidem,
612 3870 769 3949 suggessit,
791 3890 863 3950 quas
886 3870 916 3929 in
936 3870 998 3931 aliis
1019 3890 1079 3930 non
1099 3871 1283 3957 reperissem:

191 3960 252 4021 Sed
264 3962 343 4022 idem
356 3974 439 4023 tanto
453 3962 523 4022 mihi
536 3963 629 4023 carior
641 3962 706 4033 suit,
717 3964 797 4043 quod
810 3964 904 4044 prima
916 3983 983 4043 pars
994 3964 1081 4039 huju's
1094 3964 1208 4024 codicis
1221 3966 1284 4045 ple·

190 4068 279 4133 taque
293 4066 375 4115 tenet
390 4055 526 4115 Aristidis
540 4055 662 4115 mirifice
676 4054 808 4134 pleniora
824 4066 856 4115 et
876 4056 1084 4126 emendatiora,
1106 4075 1193 4134 quam
1214 4066 1284 4116 sunt

190 4146 369 4225 exemplaria
388 4148 507 4225 vulgata
525 4146 610 4223 hujus
631 4146 770 4218 auctoris,
791 4148 871 4208 unde
891 4145 1016 4207 studebo
1031 4147 1154 4208 Aristidi
1167 4168 1285 4227 quoque
1318 4196 1324 4207 .

190 4238 340 4317 meliorem
362 4240 519 4319 aliquando
532 4240 603 4299 dare
617 4239 759 4311 habitum,
774 4240 798 4299 si
811 4240 872 4299 vita
883 4250 1032 4319 suppetet,
1051 4251 1082 4299 et
1096 4240 1168 4299 deos
1188 4252 1285 4320 ooeptn

189 4330 362 4392 fortunnbit.
406 4332 506 4393 Ambo
527 4342 662 4393 auctores
676 4330 716 4403 hi,
732 4332 875 4393 Aristides
895 4342 986 4411 atque
1007 4330 1232 4399 Demosthenes,
1254 4334 1285 4393 in

192 4424 278 4486 Italia
299 4428 409 4487 exarati
430 4436 506 4497 sunt,
530 4426 608 4485 circe
628 4434 761 4506 tempora
784 4425 932 4487 nascentis
953 4411 1164 4503 typographiae,
1188 4426 1242 4486 sed
1266 4447 1285 4486 a
