<?xml version="1.0" encoding="UTF-8"?>
<!DOCTYPE html PUBLIC "-//W3C//DTD XHTML 1.0 Transitional//EN"
    "http://www.w3.org/TR/xhtml1/DTD/xhtml1-transitional.dtd">
<html xmlns="http://www.w3.org/1999/xhtml" xml:lang="en" lang="en">
 <head>
  <title>
</title>
<meta http-equiv="Content-Type" content="text/html;charset=utf-8" />
  <meta name='ocr-system' content='tesseract 3.04.00' />
  <meta name='ocr-capabilities' content='ocr_page ocr_carea ocr_par ocr_line ocrx_word'/>
</head>
<body>
  <div class='ocr_page' id='page_1' title='image "./demosthenisetsc02dupogoog_0198.png"; bbox 0 0 2984 4917; ppageno 0'>
   <div class='ocr_carea' id='block_1_1' title="bbox 194 292 950 363">
    <p class='ocr_par' dir='ltr' id='par_1_1' title="bbox 194 292 950 363">
     <span class='ocr_line' id='line_1_1' title="bbox 194 292 950 363; baseline 0.001 -5"><span class='ocrx_word' id='word_1_1' title='bbox 194 316 251 359; x_wconf 86' lang='lat' dir='ltr'><strong>cxc</strong></span> <span class='ocrx_word' id='word_1_2' title='bbox 525 293 696 363; x_wconf 78' lang='lat' dir='ltr'><strong>,REISKIl</strong></span> <span class='ocrx_word' id='word_1_3' title='bbox 721 292 950 361; x_wconf 78' lang='lat' dir='ltr'>PRAEFATIO</span> 
     </span>
    </p>
   </div>
   <div class='ocr_carea' id='block_1_2' title="bbox 194 432 1304 546">
    <p class='ocr_par' dir='ltr' id='par_1_2' title="bbox 194 432 1304 546">
     <span class='ocr_line' id='line_1_2' title="bbox 194 432 1304 546; baseline 0.003 -24"><span class='ocrx_word' id='word_1_4' title='bbox 194 461 318 524; x_wconf 75' lang='lat' dir='ltr'><strong>numm</strong></span> <span class='ocrx_word' id='word_1_5' title='bbox 334 461 465 526; x_wconf 62' lang='lat' dir='ltr'><strong>arnan.</strong></span> <span class='ocrx_word' id='word_1_6' title='bbox 496 432 571 537; x_wconf 73' lang='lat' dir='ltr'><strong>ule,</strong></span> <span class='ocrx_word' id='word_1_7' title='bbox 591 466 642 546; x_wconf 85' lang='lat' dir='ltr'><strong>qui</strong></span> <span class='ocrx_word' id='word_1_8' title='bbox 657 464 806 527; x_wconf 63' lang='lat' dir='ltr'><strong>neesson</strong></span> <span class='ocrx_word' id='word_1_9' title='bbox 819 464 1026 538; x_wconf 61' lang='lat' dir='ltr'><strong>emmena</strong></span> <span class='ocrx_word' id='word_1_10' title='bbox 1041 464 1215 539; x_wconf 64' lang='lat' dir='ltr'><strong>uramus,</strong></span> <span class='ocrx_word' id='word_1_11' title='bbox 1228 459 1304 526; x_wconf 63' lang='lat' dir='ltr'><strong>aue</strong></span> 
     </span>
    </p>
   </div>
   <div class='ocr_carea' id='block_1_3' title="bbox 99 556 1292 640">
    <p class='ocr_par' dir='ltr' id='par_1_3' title="bbox 99 556 1292 640">
     <span class='ocr_line' id='line_1_3' title="bbox 99 556 1292 640; baseline 0.003 -26"><span class='ocrx_word' id='word_1_12' title='bbox 99 564 109 574; x_wconf 93' lang='lat'>&#39;</span> <span class='ocrx_word' id='word_1_13' title='bbox 194 574 278 635; x_wconf 81' lang='lat' dir='ltr'><strong>gens,</strong></span> <span class='ocrx_word' id='word_1_14' title='bbox 292 556 415 634; x_wconf 85' lang='lat' dir='ltr'><strong>magnis,</strong></span> <span class='ocrx_word' id='word_1_15' title='bbox 435 557 622 640; x_wconf 76' lang='lat' dir='ltr'>pulchrisque</span> <span class='ocrx_word' id='word_1_16' title='bbox 641 558 732 619; x_wconf 87' lang='lat' dir='ltr'><strong>literis</strong></span> <span class='ocrx_word' id='word_1_17' title='bbox 746 578 826 629; x_wconf 88' lang='lat' dir='ltr'><strong>naus,</strong></span> <span class='ocrx_word' id='word_1_18' title='bbox 845 570 877 618; x_wconf 91' lang='lat' dir='ltr'><strong>et</strong></span> <span class='ocrx_word' id='word_1_19' title='bbox 893 557 1027 619; x_wconf 70' lang='lat' dir='ltr'>facilibus</span> <span class='ocrx_word' id='word_1_20' title='bbox 1039 558 1135 631; x_wconf 77' lang='lat' dir='ltr'><strong>lectu„</strong></span> <span class='ocrx_word' id='word_1_21' title='bbox 1151 569 1184 619; x_wconf 90' lang='lat' dir='ltr'><strong>et</strong></span> <span class='ocrx_word' id='word_1_22' title='bbox 1196 558 1236 619; x_wconf 87' lang='lat' dir='ltr'><strong>ad</strong></span> <span class='ocrx_word' id='word_1_23' title='bbox 1248 559 1292 618; x_wconf 89' lang='lat' dir='ltr'><strong>le·</strong></span> 
     </span>
    </p>
   </div>
   <div class='ocr_carea' id='block_1_4' title="bbox 174 648 1354 3871">
    <p class='ocr_par' dir='ltr' id='par_1_4' title="bbox 193 648 1293 820">
     <span class='ocr_line' id='line_1_4' title="bbox 193 648 1293 731; baseline 0.005 -25"><span class='ocrx_word' id='word_1_24' title='bbox 193 648 323 726; x_wconf 88' lang='lat' dir='ltr'><strong>gendum</strong></span> <span class='ocrx_word' id='word_1_25' title='bbox 336 648 533 722; x_wconf 78' lang='lat' dir='ltr'><strong>invitantibus,</strong></span> <span class='ocrx_word' id='word_1_26' title='bbox 553 650 608 711; x_wconf 89' lang='lat' dir='ltr'><strong>nisi</strong></span> <span class='ocrx_word' id='word_1_27' title='bbox 622 650 701 730; x_wconf 90' lang='lat' dir='ltr'><strong>quod</strong></span> <span class='ocrx_word' id='word_1_28' title='bbox 720 661 915 711; x_wconf 79' lang='lat' dir='ltr'><strong>atramentum</strong></span> <span class='ocrx_word' id='word_1_29' title='bbox 932 650 1167 731; x_wconf 87' lang='lat' dir='ltr'><strong>pallidiuscnlum</strong></span> <span class='ocrx_word' id='word_1_30' title='bbox 1189 650 1293 711; x_wconf 81' lang='lat' dir='ltr'><strong>oculos</strong></span> 
     </span>
     <span class='ocr_line' id='line_1_5' title="bbox 193 741 638 820; baseline 0.013 -19"><span class='ocrx_word' id='word_1_31' title='bbox 193 741 308 820; x_wconf 83' lang='lat' dir='ltr'><strong>fatiget.</strong></span> <span class='ocrx_word' id='word_1_32' title='bbox 324 742 421 803; x_wconf 88' lang='lat' dir='ltr'><strong>omnia</strong></span> <span class='ocrx_word' id='word_1_33' title='bbox 435 743 497 803; x_wconf 91' lang='lat' dir='ltr'><strong>sine</strong></span> <span class='ocrx_word' id='word_1_34' title='bbox 510 744 638 807; x_wconf 80' lang='lat' dir='ltr'><strong>scholiis.</strong></span> 
     </span>
    </p>

    <p class='ocr_par' dir='ltr' id='par_1_5' title="bbox 191 835 1354 1731">
     <span class='ocr_line' id='line_1_6' title="bbox 233 835 1288 917; baseline 0.004 -25"><span class='ocrx_word' id='word_1_35' title='bbox 233 836 377 901; x_wconf 81' lang='lat' dir='ltr'><strong>Quartum</strong></span> <span class='ocrx_word' id='word_1_36' title='bbox 392 835 508 915; x_wconf 86' lang='lat' dir='ltr'><strong>appello</strong></span> <span class='ocrx_word' id='word_1_37' title='bbox 522 837 658 897; x_wconf 86' lang='lat' dir='ltr'><strong>codicem</strong></span> <span class='ocrx_word' id='word_1_38' title='bbox 678 837 884 916; x_wconf 79' lang='lat' dir='ltr'><strong>Augustannm</strong></span> <span class='ocrx_word' id='word_1_39' title='bbox 903 836 995 909; x_wconf 88' lang='lat' dir='ltr'><strong>illum,</strong></span> <span class='ocrx_word' id='word_1_40' title='bbox 1014 835 1064 916; x_wconf 88' lang='lat' dir='ltr'><strong>qni</strong></span> <span class='ocrx_word' id='word_1_41' title='bbox 1077 856 1108 917; x_wconf 91' lang='lat' dir='ltr'><strong>p.</strong></span> <span class='ocrx_word' id='word_1_42' title='bbox 1125 839 1177 901; x_wconf 77' lang='lat'><strong>78.</strong></span> <span class='ocrx_word' id='word_1_43' title='bbox 1198 836 1288 897; x_wconf 83' lang='lat' dir='ltr'><strong>Cata·</strong></span> 
     </span>
     <span class='ocr_line' id='line_1_7' title="bbox 191 926 1291 1009; baseline 0.003 -24"><span class='ocrx_word' id='word_1_44' title='bbox 191 926 253 1005; x_wconf 89' lang='lat' dir='ltr'><strong>logi</strong></span> <span class='ocrx_word' id='word_1_45' title='bbox 274 926 458 987; x_wconf 85' lang='lat' dir='ltr'><strong>Reusnerani</strong></span> <span class='ocrx_word' id='word_1_46' title='bbox 469 947 498 989; x_wconf 91' lang='lat' dir='ltr'><strong>n.</strong></span> <span class='ocrx_word' id='word_1_47' title='bbox 509 934 539 990; x_wconf 81' lang='grc'><strong>8.</strong></span> <span class='ocrx_word' id='word_1_48' title='bbox 553 928 683 1008; x_wconf 84' lang='lat' dir='ltr'><strong>signatus</strong></span> <span class='ocrx_word' id='word_1_49' title='bbox 697 940 753 1001; x_wconf 88' lang='lat' dir='ltr'><strong>est,</strong></span> <span class='ocrx_word' id='word_1_50' title='bbox 767 940 799 989; x_wconf 90' lang='lat' dir='ltr'><strong>et</strong></span> <span class='ocrx_word' id='word_1_51' title='bbox 811 928 852 987; x_wconf 89' lang='lat' dir='ltr'><strong>nil</strong></span> <span class='ocrx_word' id='word_1_52' title='bbox 872 928 928 988; x_wconf 86' lang='lat' dir='ltr'><strong>nisi</strong></span> <span class='ocrx_word' id='word_1_53' title='bbox 941 929 1097 989; x_wconf 86' lang='lat' dir='ltr'><strong>Demosth.</strong></span> <span class='ocrx_word' id='word_1_54' title='bbox 1107 948 1151 989; x_wconf 86' lang='lat' dir='ltr'><strong>or.</strong></span> <span class='ocrx_word' id='word_1_55' title='bbox 1163 948 1217 1009; x_wconf 91' lang='lat' dir='ltr'><strong>pro</strong></span> <span class='ocrx_word' id='word_1_56' title='bbox 1230 928 1291 988; x_wconf 85' lang='lat' dir='ltr'><strong>Co·</strong></span> 
     </span>
     <span class='ocr_line' id='line_1_8' title="bbox 192 1018 1291 1101; baseline 0.004 -25"><span class='ocrx_word' id='word_1_57' title='bbox 192 1036 273 1090; x_wconf 86' lang='lat' dir='ltr'><strong>rona,</strong></span> <span class='ocrx_word' id='word_1_58' title='bbox 288 1029 320 1078; x_wconf 87' lang='lat' dir='ltr'><strong>et</strong></span> <span class='ocrx_word' id='word_1_59' title='bbox 332 1018 472 1081; x_wconf 81' lang='lat' dir='ltr'><strong>Aristidis</strong></span> <span class='ocrx_word' id='word_1_60' title='bbox 485 1020 732 1081; x_wconf 85' lang='lat' dir='ltr'><strong>Panathenaicam</strong></span> <span class='ocrx_word' id='word_1_61' title='bbox 746 1030 840 1081; x_wconf 82' lang='lat' dir='ltr'><strong>tenet.</strong></span> <span class='ocrx_word' id='word_1_62' title='bbox 857 1020 988 1097; x_wconf 84' lang='lat' dir='ltr'><strong>ejusdem</strong></span> <span class='ocrx_word' id='word_1_63' title='bbox 1007 1022 1114 1098; x_wconf 71' lang='lat' dir='ltr'><strong>etatis,</strong></span> <span class='ocrx_word' id='word_1_64' title='bbox 1128 1032 1216 1101; x_wconf 85' lang='lat' dir='ltr'><strong>atque</strong></span> <span class='ocrx_word' id='word_1_65' title='bbox 1229 1032 1291 1080; x_wconf 86' lang='lat' dir='ltr'><strong>ter·</strong></span> 
     </span>
     <span class='ocr_line' id='line_1_9' title="bbox 192 1110 1291 1193; baseline 0 -22"><span class='ocrx_word' id='word_1_66' title='bbox 192 1110 259 1182; x_wconf 88' lang='lat' dir='ltr'><strong>tius,</strong></span> <span class='ocrx_word' id='word_1_67' title='bbox 272 1110 398 1192; x_wconf 88' lang='lat' dir='ltr'><strong>scriptus</strong></span> <span class='ocrx_word' id='word_1_68' title='bbox 411 1112 482 1172; x_wconf 81' lang='lat' dir='ltr'><strong>item</strong></span> <span class='ocrx_word' id='word_1_69' title='bbox 494 1113 524 1172; x_wconf 91' lang='lat' dir='ltr'><strong>in</strong></span> <span class='ocrx_word' id='word_1_70' title='bbox 538 1112 633 1183; x_wconf 85' lang='lat' dir='ltr'><strong>Italia,</strong></span> <span class='ocrx_word' id='word_1_71' title='bbox 646 1112 678 1173; x_wconf 91' lang='lat' dir='ltr'><strong>id</strong></span> <span class='ocrx_word' id='word_1_72' title='bbox 691 1112 772 1193; x_wconf 90' lang='lat' dir='ltr'><strong>quod</strong></span> <span class='ocrx_word' id='word_1_73' title='bbox 789 1113 892 1173; x_wconf 84' lang='lat' dir='ltr'><strong>charta</strong></span> <span class='ocrx_word' id='word_1_74' title='bbox 911 1113 1018 1192; x_wconf 84' lang='lat' dir='ltr'><strong>prodit,</strong></span> <span class='ocrx_word' id='word_1_75' title='bbox 1032 1112 1131 1173; x_wconf 87' lang='lat' dir='ltr'><strong>medio</strong></span> <span class='ocrx_word' id='word_1_76' title='bbox 1155 1124 1208 1173; x_wconf 86' lang='lat' dir='ltr'><strong>aut</strong></span> <span class='ocrx_word' id='word_1_77' title='bbox 1223 1130 1291 1171; x_wconf 77' lang='lat' dir='ltr'><strong>ven·</strong></span> 
     </span>
     <span class='ocr_line' id='line_1_10' title="bbox 193 1196 1291 1286; baseline 0 -22"><span class='ocrx_word' id='word_1_78' title='bbox 193 1196 285 1283; x_wconf 83' lang='lat' dir='ltr'><strong>gente</strong></span> <span class='ocrx_word' id='word_1_79' title='bbox 305 1205 415 1265; x_wconf 81' lang='lat' dir='ltr'><strong>soeculo</strong></span> <span class='ocrx_word' id='word_1_80' title='bbox 431 1205 498 1265; x_wconf 87' lang='lat' dir='ltr'><strong>XV.</strong></span> <span class='ocrx_word' id='word_1_81' title='bbox 517 1204 678 1286; x_wconf 81' lang='lat' dir='ltr'><strong>grandibus</strong></span> <span class='ocrx_word' id='word_1_82' title='bbox 701 1205 804 1275; x_wconf 84' lang='lat' dir='ltr'><strong>literis,</strong></span> <span class='ocrx_word' id='word_1_83' title='bbox 823 1216 856 1266; x_wconf 90' lang='lat' dir='ltr'><strong>et</strong></span> <span class='ocrx_word' id='word_1_84' title='bbox 874 1206 1012 1285; x_wconf 78' lang='lat' dir='ltr'><strong>simddtus</strong></span> <span class='ocrx_word' id='word_1_85' title='bbox 1024 1205 1091 1279; x_wconf 88' lang='lat' dir='ltr'><strong>illis,</strong></span> <span class='ocrx_word' id='word_1_86' title='bbox 1104 1206 1209 1285; x_wconf 87' lang='lat' dir='ltr'><strong>quibas</strong></span> <span class='ocrx_word' id='word_1_87' title='bbox 1221 1205 1291 1265; x_wconf 78' lang='lat' dir='ltr'><strong>Ari·</strong></span> 
     </span>
     <span class='ocr_line' id='line_1_11' title="bbox 192 1296 1290 1375; baseline 0.001 -20"><span class='ocrx_word' id='word_1_88' title='bbox 192 1296 295 1367; x_wconf 81' lang='lat' dir='ltr'><strong>otides,</strong></span> <span class='ocrx_word' id='word_1_89' title='bbox 310 1296 419 1375; x_wconf 88' lang='lat' dir='ltr'><strong>dequo</strong></span> <span class='ocrx_word' id='word_1_90' title='bbox 433 1298 522 1357; x_wconf 90' lang='lat' dir='ltr'><strong>modo</strong></span> <span class='ocrx_word' id='word_1_91' title='bbox 536 1297 681 1371; x_wconf 82' lang='lat' dir='ltr'><strong>dicabam,</strong></span> <span class='ocrx_word' id='word_1_92' title='bbox 696 1309 834 1359; x_wconf 73' lang='lat' dir='ltr'><strong>exaratae</strong></span> <span class='ocrx_word' id='word_1_93' title='bbox 844 1308 900 1370; x_wconf 81' lang='lat' dir='ltr'><strong>eat,</strong></span> <span class='ocrx_word' id='word_1_94' title='bbox 914 1317 933 1358; x_wconf 87' lang='lat' dir='ltr'><strong>a</strong></span> <span class='ocrx_word' id='word_1_95' title='bbox 945 1298 1060 1359; x_wconf 76' lang='lat' dir='ltr'><strong>ditem</strong></span> <span class='ocrx_word' id='word_1_96' title='bbox 1071 1308 1170 1359; x_wconf 75' lang='lat' dir='ltr'><strong>mmsn</strong></span> <span class='ocrx_word' id='word_1_97' title='bbox 1181 1316 1290 1367; x_wconf 66' lang='lat' dir='ltr'><strong>manua</strong></span> 
     </span>
     <span class='ocr_line' id='line_1_12' title="bbox 193 1386 1291 1470; baseline 0.002 -23"><span class='ocrx_word' id='word_1_98' title='bbox 193 1406 290 1467; x_wconf 86' lang='lat' dir='ltr'><strong>neque</strong></span> <span class='ocrx_word' id='word_1_99' title='bbox 303 1386 380 1448; x_wconf 89' lang='lat' dir='ltr'><strong>idem</strong></span> <span class='ocrx_word' id='word_1_100' title='bbox 397 1388 531 1450; x_wconf 86' lang='lat' dir='ltr'><strong>librarius</strong></span> <span class='ocrx_word' id='word_1_101' title='bbox 544 1390 699 1452; x_wconf 79' lang='lat' dir='ltr'><strong>ridebatur</strong></span> <span class='ocrx_word' id='word_1_102' title='bbox 717 1391 879 1451; x_wconf 87' lang='lat' dir='ltr'><strong>orationem</strong></span> <span class='ocrx_word' id='word_1_103' title='bbox 892 1410 947 1470; x_wconf 92' lang='lat' dir='ltr'><strong>pro</strong></span> <span class='ocrx_word' id='word_1_104' title='bbox 959 1409 1070 1452; x_wconf 87' lang='lat' dir='ltr'><strong>corona</strong></span> <span class='ocrx_word' id='word_1_105' title='bbox 1088 1410 1227 1451; x_wconf 75' lang='lat' dir='ltr'><strong>exarcum</strong></span> <span class='ocrx_word' id='word_1_106' title='bbox 1245 1399 1291 1449; x_wconf 81' lang='lat' dir='ltr'><strong>at·</strong></span> 
     </span>
     <span class='ocr_line' id='line_1_13' title="bbox 193 1480 1290 1563; baseline 0.003 -24"><span class='ocrx_word' id='word_1_107' title='bbox 193 1500 253 1559; x_wconf 93' lang='lat' dir='ltr'><strong>que</strong></span> <span class='ocrx_word' id='word_1_108' title='bbox 266 1480 515 1561; x_wconf 84' lang='lat' dir='ltr'><strong>panathenaicam.</strong></span> <span class='ocrx_word' id='word_1_109' title='bbox 555 1482 653 1543; x_wconf 86' lang='lat' dir='ltr'><strong>Etiam</strong></span> <span class='ocrx_word' id='word_1_110' title='bbox 667 1482 724 1544; x_wconf 86' lang='lat' dir='ltr'><strong>hic</strong></span> <span class='ocrx_word' id='word_1_111' title='bbox 736 1483 834 1547; x_wconf 80' lang='lat' dir='ltr'><strong>codex</strong></span> <span class='ocrx_word' id='word_1_112' title='bbox 851 1482 967 1543; x_wconf 85' lang='lat' dir='ltr'><strong>scholiis</strong></span> <span class='ocrx_word' id='word_1_113' title='bbox 980 1493 1071 1544; x_wconf 83' lang='lat' dir='ltr'><strong>caret</strong></span> <span class='ocrx_word' id='word_1_114' title='bbox 1112 1482 1215 1543; x_wconf 85' lang='lat' dir='ltr'><strong>Oratio</strong></span> <span class='ocrx_word' id='word_1_115' title='bbox 1233 1500 1290 1563; x_wconf 83' lang='lat' dir='ltr'><strong>pro</strong></span> 
     </span>
     <span class='ocr_line' id='line_1_14' title="bbox 193 1574 1354 1669; baseline 0 -36"><span class='ocrx_word' id='word_1_116' title='bbox 193 1592 303 1633; x_wconf 87' lang='lat' dir='ltr'><strong>corona</strong></span> <span class='ocrx_word' id='word_1_117' title='bbox 315 1574 452 1635; x_wconf 83' lang='lat' dir='ltr'><strong>convenit</strong></span> <span class='ocrx_word' id='word_1_118' title='bbox 465 1593 534 1635; x_wconf 86' lang='lat' dir='ltr'><strong>cum</strong></span> <span class='ocrx_word' id='word_1_119' title='bbox 542 1576 625 1656; x_wconf 82' lang='lat' dir='ltr'><strong>Aug.</strong></span> <span class='ocrx_word' id='word_1_120' title='bbox 637 1575 741 1656; x_wconf 86' lang='lat' dir='ltr'><strong>primo.</strong></span> <span class='ocrx_word' id='word_1_121' title='bbox 754 1576 866 1637; x_wconf 92' lang='lat' dir='ltr'><strong>contuli</strong></span> <span class='ocrx_word' id='word_1_122' title='bbox 876 1575 956 1637; x_wconf 89' lang='lat' dir='ltr'><strong>bunc</strong></span> <span class='ocrx_word' id='word_1_123' title='bbox 968 1576 1104 1636; x_wconf 85' lang='lat' dir='ltr'><strong>codicem</strong></span> <span class='ocrx_word' id='word_1_124' title='bbox 1115 1575 1198 1638; x_wconf 79' lang='lat' dir='ltr'><strong>initio</strong></span> <span class='ocrx_word' id='word_1_125' title='bbox 1208 1594 1290 1634; x_wconf 85' lang='lat' dir='ltr'><strong>men·</strong></span> <span class='ocrx_word' id='word_1_126' title='bbox 1346 1648 1354 1669; x_wconf 23' lang='grc' dir='ltr'><strong><em>κ</em></strong></span> 
     </span>
     <span class='ocr_line' id='line_1_15' title="bbox 194 1664 421 1731; baseline 0.013 -7"><span class='ocrx_word' id='word_1_127' title='bbox 194 1664 234 1726; x_wconf 87' lang='lat' dir='ltr'><strong>sis</strong></span> <span class='ocrx_word' id='word_1_128' title='bbox 246 1665 319 1726; x_wconf 88' lang='lat' dir='ltr'><strong>Julli</strong></span> <span class='ocrx_word' id='word_1_129' title='bbox 331 1668 421 1731; x_wconf 85' lang='grc'><strong>1768.</strong></span> 
     </span>
    </p>

    <p class='ocr_par' dir='ltr' id='par_1_6' title="bbox 194 1755 1291 2213">
     <span class='ocr_line' id='line_1_16' title="bbox 235 1755 1291 1840; baseline 0.001 -24"><span class='ocrx_word' id='word_1_130' title='bbox 235 1758 376 1823; x_wconf 82' lang='lat' dir='ltr'><strong>Quintum</strong></span> <span class='ocrx_word' id='word_1_131' title='bbox 396 1758 513 1839; x_wconf 89' lang='lat' dir='ltr'><strong>appello</strong></span> <span class='ocrx_word' id='word_1_132' title='bbox 527 1755 735 1839; x_wconf 83' lang='lat' dir='ltr'><strong>Augustanum</strong></span> <span class='ocrx_word' id='word_1_133' title='bbox 756 1758 890 1820; x_wconf 81' lang='lat' dir='ltr'><strong>codicem</strong></span> <span class='ocrx_word' id='word_1_134' title='bbox 911 1779 942 1840; x_wconf 90' lang='lat' dir='ltr'><strong>p.</strong></span> <span class='ocrx_word' id='word_1_135' title='bbox 954 1763 1005 1826; x_wconf 81' lang='lat'><strong>78.</strong></span> <span class='ocrx_word' id='word_1_136' title='bbox 1018 1759 1086 1821; x_wconf 86' lang='lat' dir='ltr'><strong>Cat.</strong></span> <span class='ocrx_word' id='word_1_137' title='bbox 1101 1758 1247 1819; x_wconf 85' lang='lat' dir='ltr'><strong>Reusner.</strong></span> <span class='ocrx_word' id='word_1_138' title='bbox 1257 1775 1291 1818; x_wconf 82' lang='lat' dir='ltr'><strong>a.</strong></span> 
     </span>
     <span class='ocr_line' id='line_1_17' title="bbox 196 1850 1288 1939; baseline -0.003 -27"><span class='ocrx_word' id='word_1_139' title='bbox 196 1856 245 1913; x_wconf 87' lang='lat'><strong>19.</strong></span> <span class='ocrx_word' id='word_1_140' title='bbox 259 1850 413 1931; x_wconf 87' lang='lat' dir='ltr'><strong>signatum,</strong></span> <span class='ocrx_word' id='word_1_141' title='bbox 427 1853 458 1912; x_wconf 92' lang='lat' dir='ltr'><strong>in</strong></span> <span class='ocrx_word' id='word_1_142' title='bbox 470 1865 578 1932; x_wconf 88' lang='lat' dir='ltr'><strong>quarto</strong></span> <span class='ocrx_word' id='word_1_143' title='bbox 597 1853 753 1924; x_wconf 87' lang='lat' dir='ltr'><strong>ordinario,</strong></span> <span class='ocrx_word' id='word_1_144' title='bbox 769 1872 788 1913; x_wconf 91' lang='lat' dir='ltr'><strong>a</strong></span> <span class='ocrx_word' id='word_1_145' title='bbox 800 1871 887 1912; x_wconf 87' lang='lat' dir='ltr'><strong>manu</strong></span> <span class='ocrx_word' id='word_1_146' title='bbox 900 1853 1102 1939; x_wconf 72' lang='lat' dir='ltr'><strong>recentissima</strong></span> <span class='ocrx_word' id='word_1_147' title='bbox 1115 1852 1214 1912; x_wconf 72' lang='lat' dir='ltr'><strong>saeculi</strong></span> <span class='ocrx_word' id='word_1_148' title='bbox 1222 1850 1288 1909; x_wconf 88' lang='lat' dir='ltr'><strong>XV.</strong></span> 
     </span>
     <span class='ocr_line' id='line_1_18' title="bbox 194 1936 1290 2024; baseline 0.001 -23"><span class='ocrx_word' id='word_1_149' title='bbox 194 1936 329 2003; x_wconf 82' lang='lat' dir='ltr'><strong>exeuhtis</strong></span> <span class='ocrx_word' id='word_1_150' title='bbox 343 1954 505 2018; x_wconf 80' lang='lat' dir='ltr'><strong>exaratum,</strong></span> <span class='ocrx_word' id='word_1_151' title='bbox 517 1946 611 2007; x_wconf 90' lang='lat' dir='ltr'><strong>minus</strong></span> <span class='ocrx_word' id='word_1_152' title='bbox 622 1945 752 2024; x_wconf 86' lang='lat' dir='ltr'><strong>pulchris</strong></span> <span class='ocrx_word' id='word_1_153' title='bbox 765 1946 867 2017; x_wconf 84' lang='lat' dir='ltr'><strong>literis,</strong></span> <span class='ocrx_word' id='word_1_154' title='bbox 877 1946 1019 2007; x_wconf 84' lang='lat' dir='ltr'><strong>allbrario</strong></span> <span class='ocrx_word' id='word_1_155' title='bbox 1032 1947 1154 2007; x_wconf 88' lang='lat' dir='ltr'><strong>indocto</strong></span> <span class='ocrx_word' id='word_1_156' title='bbox 1168 1957 1199 2007; x_wconf 89' lang='lat' dir='ltr'><strong>et</strong></span> <span class='ocrx_word' id='word_1_157' title='bbox 1211 1944 1290 2005; x_wconf 82' lang='lat' dir='ltr'><strong>miri·</strong></span> 
     </span>
     <span class='ocr_line' id='line_1_19' title="bbox 194 2036 1289 2118; baseline 0 -23"><span class='ocrx_word' id='word_1_158' title='bbox 194 2036 252 2096; x_wconf 88' lang='lat' dir='ltr'><strong>lice</strong></span> <span class='ocrx_word' id='word_1_159' title='bbox 265 2036 381 2115; x_wconf 87' lang='lat' dir='ltr'><strong>supino,</strong></span> <span class='ocrx_word' id='word_1_160' title='bbox 395 2038 449 2096; x_wconf 89' lang='lat' dir='ltr'><strong>sed</strong></span> <span class='ocrx_word' id='word_1_161' title='bbox 463 2056 503 2096; x_wconf 85' lang='lat' dir='ltr'><strong>ex</strong></span> <span class='ocrx_word' id='word_1_162' title='bbox 522 2037 580 2097; x_wconf 86' lang='lat' dir='ltr'><strong>alio</strong></span> <span class='ocrx_word' id='word_1_163' title='bbox 598 2038 717 2118; x_wconf 71' lang='lat' dir='ltr'><strong>optimae</strong></span> <span class='ocrx_word' id='word_1_164' title='bbox 730 2048 809 2098; x_wconf 85' lang='lat' dir='ltr'><strong>notoe</strong></span> <span class='ocrx_word' id='word_1_165' title='bbox 825 2036 958 2100; x_wconf 64' lang='lat' dir='ltr'><strong>ductus„</strong></span> <span class='ocrx_word' id='word_1_166' title='bbox 983 2036 1128 2099; x_wconf 66' lang='lat' dir='ltr'><strong>Conrenit</strong></span> <span class='ocrx_word' id='word_1_167' title='bbox 1141 2056 1209 2098; x_wconf 88' lang='lat' dir='ltr'><strong>cum</strong></span> <span class='ocrx_word' id='word_1_168' title='bbox 1222 2036 1289 2096; x_wconf 81' lang='lat' dir='ltr'><strong>Au·</strong></span> 
     </span>
     <span class='ocr_line' id='line_1_20' title="bbox 194 2128 1290 2213; baseline 0 -26"><span class='ocrx_word' id='word_1_169' title='bbox 194 2132 319 2206; x_wconf 73' lang='lat' dir='ltr'><strong>gaetano</strong></span> <span class='ocrx_word' id='word_1_170' title='bbox 333 2128 427 2207; x_wconf 88' lang='lat' dir='ltr'><strong>primo</strong></span> <span class='ocrx_word' id='word_1_171' title='bbox 440 2148 525 2208; x_wconf 83' lang='lat' dir='ltr'><strong>paenc</strong></span> <span class='ocrx_word' id='word_1_172' title='bbox 538 2128 577 2189; x_wconf 88' lang='lat' dir='ltr'><strong>ad</strong></span> <span class='ocrx_word' id='word_1_173' title='bbox 593 2128 718 2201; x_wconf 84' lang='lat' dir='ltr'><strong>literam,</strong></span> <span class='ocrx_word' id='word_1_174' title='bbox 730 2130 785 2189; x_wconf 82' lang='lat' dir='ltr'><strong>nial</strong></span> <span class='ocrx_word' id='word_1_175' title='bbox 798 2129 849 2188; x_wconf 91' lang='lat' dir='ltr'><strong>ubi</strong></span> <span class='ocrx_word' id='word_1_176' title='bbox 862 2129 974 2189; x_wconf 88' lang='lat' dir='ltr'><strong>mendis</strong></span> <span class='ocrx_word' id='word_1_177' title='bbox 988 2130 1092 2189; x_wconf 71' lang='lat' dir='ltr'><strong>calami</strong></span> <span class='ocrx_word' id='word_1_178' title='bbox 1110 2146 1290 2213; x_wconf 89' lang='lat' dir='ltr'><strong>conspurca-</strong></span> 
     </span>
    </p>

    <p class='ocr_par' dir='ltr' id='par_1_7' title="bbox 174 2206 1292 3595">
     <span class='ocr_line' id='line_1_21' title="bbox 174 2206 1291 2298; baseline 0.001 -19"><span class='ocrx_word' id='word_1_179' title='bbox 174 2230 243 2293; x_wconf 58' lang='lat' dir='ltr'><strong>‚tus</strong></span> <span class='ocrx_word' id='word_1_180' title='bbox 266 2231 321 2293; x_wconf 88' lang='lat' dir='ltr'><strong>est,</strong></span> <span class='ocrx_word' id='word_1_181' title='bbox 343 2220 448 2298; x_wconf 91' lang='lat' dir='ltr'><strong>quibus</strong></span> <span class='ocrx_word' id='word_1_182' title='bbox 470 2232 575 2282; x_wconf 86' lang='lat' dir='ltr'><strong>scatet.</strong></span> <span class='ocrx_word' id='word_1_183' title='bbox 616 2222 706 2283; x_wconf 87' lang='lat' dir='ltr'><strong>Caret</strong></span> <span class='ocrx_word' id='word_1_184' title='bbox 723 2206 795 2282; x_wconf 78' lang='lat' dir='ltr'><strong>item</strong></span> <span class='ocrx_word' id='word_1_185' title='bbox 817 2221 866 2282; x_wconf 88' lang='lat' dir='ltr'><strong>hic</strong></span> <span class='ocrx_word' id='word_1_186' title='bbox 884 2222 1012 2285; x_wconf 83' lang='lat' dir='ltr'><strong>scholiis.</strong></span> <span class='ocrx_word' id='word_1_187' title='bbox 1035 2233 1119 2283; x_wconf 89' lang='lat' dir='ltr'><strong>tenet</strong></span> <span class='ocrx_word' id='word_1_188' title='bbox 1143 2220 1291 2282; x_wconf 84' lang='lat' dir='ltr'><strong>orationes</strong></span> 
     </span>
     <span class='ocr_line' id='line_1_22' title="bbox 194 2312 1292 2395; baseline 0 -24"><span class='ocrx_word' id='word_1_189' title='bbox 194 2312 335 2391; x_wconf 86' lang='lat' dir='ltr'><strong>quasdam</strong></span> <span class='ocrx_word' id='word_1_190' title='bbox 349 2312 558 2375; x_wconf 87' lang='lat' dir='ltr'><strong>Demosthenis</strong></span> <span class='ocrx_word' id='word_1_191' title='bbox 580 2314 662 2374; x_wconf 92' lang='lat' dir='ltr'><strong>nullo</strong></span> <span class='ocrx_word' id='word_1_192' title='bbox 683 2314 813 2387; x_wconf 81' lang='lat' dir='ltr'><strong>delectu,</strong></span> <span class='ocrx_word' id='word_1_193' title='bbox 831 2315 890 2375; x_wconf 88' lang='lat' dir='ltr'><strong>hoo</strong></span> <span class='ocrx_word' id='word_1_194' title='bbox 906 2314 1017 2376; x_wconf 87' lang='lat' dir='ltr'><strong>ordine.</strong></span> <span class='ocrx_word' id='word_1_195' title='bbox 1059 2316 1089 2392; x_wconf 91' lang='lat'><strong>1)</strong></span> <span class='ocrx_word' id='word_1_196' title='bbox 1102 2312 1292 2395; x_wconf 84' lang='lat' dir='ltr'><strong>Epitaphium</strong></span> 
     </span>
     <span class='ocr_line' id='line_1_23' title="bbox 193 2402 1292 2487; baseline 0.005 -25"><span class='ocrx_word' id='word_1_197' title='bbox 193 2402 351 2466; x_wconf 82' lang='lat' dir='ltr'><strong>Demosth.</strong></span> <span class='ocrx_word' id='word_1_198' title='bbox 404 2406 436 2483; x_wconf 75' lang='grc'><strong>2)</strong></span> <span class='ocrx_word' id='word_1_199' title='bbox 450 2405 549 2487; x_wconf 77' lang='lat' dir='ltr'><strong>Lysim</strong></span> <span class='ocrx_word' id='word_1_200' title='bbox 568 2406 731 2473; x_wconf 82' lang='lat' dir='ltr'><strong>funebrem.</strong></span> <span class='ocrx_word' id='word_1_201' title='bbox 773 2407 804 2485; x_wconf 80' lang='lat'><strong>8)</strong></span> <span class='ocrx_word' id='word_1_202' title='bbox 821 2407 1026 2469; x_wconf 76' lang='lat' dir='ltr'><strong>Demosthenis</strong></span> <span class='ocrx_word' id='word_1_203' title='bbox 1045 2406 1118 2468; x_wconf 85' lang='lat' dir='ltr'><strong>duaa</strong></span> <span class='ocrx_word' id='word_1_204' title='bbox 1131 2408 1161 2465; x_wconf 91' lang='lat' dir='ltr'><strong>in</strong></span> <span class='ocrx_word' id='word_1_205' title='bbox 1175 2406 1292 2467; x_wconf 80' lang='lat' dir='ltr'><strong>Aristo·</strong></span> 
     </span>
     <span class='ocr_line' id='line_1_24' title="bbox 192 2497 1290 2579; baseline 0.004 -24"><span class='ocrx_word' id='word_1_206' title='bbox 192 2497 334 2575; x_wconf 85' lang='lat' dir='ltr'><strong>gitonem.</strong></span> <span class='ocrx_word' id='word_1_207' title='bbox 373 2501 405 2573; x_wconf 83' lang='lat'><strong>4)</strong></span> <span class='ocrx_word' id='word_1_208' title='bbox 419 2518 460 2559; x_wconf 90' lang='lat' dir='ltr'><strong>or.</strong></span> <span class='ocrx_word' id='word_1_209' title='bbox 473 2499 504 2557; x_wconf 93' lang='lat' dir='ltr'><strong>in</strong></span> <span class='ocrx_word' id='word_1_210' title='bbox 515 2498 678 2565; x_wconf 84' lang='lat' dir='ltr'><strong>Calliclem.</strong></span> <span class='ocrx_word' id='word_1_211' title='bbox 705 2504 737 2575; x_wconf 82' lang='lat'><strong>5)</strong></span> <span class='ocrx_word' id='word_1_212' title='bbox 751 2500 898 2560; x_wconf 85' lang='lat' dir='ltr'><strong>orationes</strong></span> <span class='ocrx_word' id='word_1_213' title='bbox 916 2500 988 2560; x_wconf 88' lang='lat' dir='ltr'><strong>duas</strong></span> <span class='ocrx_word' id='word_1_214' title='bbox 1001 2500 1032 2559; x_wconf 90' lang='lat' dir='ltr'><strong>in</strong></span> <span class='ocrx_word' id='word_1_215' title='bbox 1042 2500 1209 2579; x_wconf 72' lang='lat' dir='ltr'><strong>Aphobum</strong></span> <span class='ocrx_word' id='word_1_216' title='bbox 1231 2497 1290 2577; x_wconf 85' lang='lat' dir='ltr'><strong>pri·</strong></span> 
     </span>
     <span class='ocr_line' id='line_1_25' title="bbox 193 2590 1290 2669; baseline 0.002 -20"><span class='ocrx_word' id='word_1_217' title='bbox 193 2607 272 2649; x_wconf 90' lang='lat' dir='ltr'><strong>mam</strong></span> <span class='ocrx_word' id='word_1_218' title='bbox 282 2598 313 2649; x_wconf 85' lang='lat' dir='ltr'><strong>et</strong></span> <span class='ocrx_word' id='word_1_219' title='bbox 325 2591 493 2657; x_wconf 83' lang='lat' dir='ltr'><strong>secundam,</strong></span> <span class='ocrx_word' id='word_1_220' title='bbox 524 2593 556 2669; x_wconf 81' lang='lat'><strong>6)</strong></span> <span class='ocrx_word' id='word_1_221' title='bbox 568 2592 713 2652; x_wconf 86' lang='lat' dir='ltr'><strong>orationes</strong></span> <span class='ocrx_word' id='word_1_222' title='bbox 724 2592 799 2651; x_wconf 87' lang='lat' dir='ltr'><strong>duas</strong></span> <span class='ocrx_word' id='word_1_223' title='bbox 812 2592 843 2651; x_wconf 92' lang='lat' dir='ltr'><strong>in</strong></span> <span class='ocrx_word' id='word_1_224' title='bbox 855 2591 1028 2653; x_wconf 83' lang='lat' dir='ltr'><strong>Onetorem.</strong></span> <span class='ocrx_word' id='word_1_225' title='bbox 1055 2592 1133 2651; x_wconf 78' lang='lat' dir='ltr'><strong>lloec</strong></span> <span class='ocrx_word' id='word_1_226' title='bbox 1147 2610 1166 2651; x_wconf 93' lang='lat' dir='ltr'><strong>a</strong></span> <span class='ocrx_word' id='word_1_227' title='bbox 1177 2590 1290 2651; x_wconf 88' lang='lat' dir='ltr'><strong>Demo·</strong></span> 
     </span>
     <span class='ocr_line' id='line_1_26' title="bbox 192 2680 1289 2764; baseline -0.003 -21"><span class='ocrx_word' id='word_1_228' title='bbox 192 2680 308 2755; x_wconf 84' lang='lat' dir='ltr'><strong>sthene,</strong></span> <span class='ocrx_word' id='word_1_229' title='bbox 333 2702 457 2764; x_wconf 86' lang='lat' dir='ltr'><strong>quorum</strong></span> <span class='ocrx_word' id='word_1_230' title='bbox 479 2683 665 2746; x_wconf 83' lang='lat' dir='ltr'><strong>collationem</strong></span> <span class='ocrx_word' id='word_1_231' title='bbox 690 2684 802 2745; x_wconf 78' lang='lat' dir='ltr'><strong>absolvi</strong></span> <span class='ocrx_word' id='word_1_232' title='bbox 824 2683 873 2744; x_wconf 86' lang='lat' dir='ltr'><strong>dic</strong></span> <span class='ocrx_word' id='word_1_233' title='bbox 893 2688 944 2745; x_wconf 70' lang='lat'><strong>20.</strong></span> <span class='ocrx_word' id='word_1_234' title='bbox 958 2684 1033 2743; x_wconf 89' lang='lat' dir='ltr'><strong>Maii</strong></span> <span class='ocrx_word' id='word_1_235' title='bbox 1048 2687 1137 2747; x_wconf 83' lang='grc'><strong>1768.</strong></span> <span class='ocrx_word' id='word_1_236' title='bbox 1178 2685 1289 2749; x_wconf 84' lang='lat' dir='ltr'><strong>Quam·</strong></span> 
     </span>
     <span class='ocr_line' id='line_1_27' title="bbox 194 2774 1290 2859; baseline -0.002 -24"><span class='ocrx_word' id='word_1_237' title='bbox 194 2796 282 2859; x_wconf 88' lang='lat' dir='ltr'><strong>quam</strong></span> <span class='ocrx_word' id='word_1_238' title='bbox 297 2776 392 2838; x_wconf 80' lang='lat' dir='ltr'><strong>codex</strong></span> <span class='ocrx_word' id='word_1_239' title='bbox 406 2776 458 2839; x_wconf 90' lang='lat' dir='ltr'><strong>hic</strong></span> <span class='ocrx_word' id='word_1_240' title='bbox 478 2794 545 2842; x_wconf 92' lang='lat' dir='ltr'><strong>cum</strong></span> <span class='ocrx_word' id='word_1_241' title='bbox 560 2779 642 2856; x_wconf 90' lang='lat' dir='ltr'><strong>Aug.</strong></span> <span class='ocrx_word' id='word_1_242' title='bbox 655 2776 749 2856; x_wconf 86' lang='lat' dir='ltr'><strong>primo</strong></span> <span class='ocrx_word' id='word_1_243' title='bbox 767 2796 852 2855; x_wconf 77' lang='lat' dir='ltr'><strong>pmne</strong></span> <span class='ocrx_word' id='word_1_244' title='bbox 871 2777 903 2835; x_wconf 88' lang='lat' dir='ltr'><strong>in</strong></span> <span class='ocrx_word' id='word_1_245' title='bbox 924 2777 1057 2835; x_wconf 89' lang='lat' dir='ltr'><strong>omnibus</strong></span> <span class='ocrx_word' id='word_1_246' title='bbox 1078 2774 1232 2846; x_wconf 84' lang='lat' dir='ltr'><strong>consentit,</strong></span> <span class='ocrx_word' id='word_1_247' title='bbox 1252 2784 1290 2833; x_wconf 85' lang='lat' dir='ltr'><strong>ut</strong></span> 
     </span>
     <span class='ocr_line' id='line_1_28' title="bbox 192 2868 1288 2950; baseline -0.001 -23"><span class='ocrx_word' id='word_1_248' title='bbox 192 2868 284 2929; x_wconf 78' lang='lat' dir='ltr'><strong>videri</strong></span> <span class='ocrx_word' id='word_1_249' title='bbox 298 2868 390 2948; x_wconf 85' lang='lat' dir='ltr'><strong>possit</strong></span> <span class='ocrx_word' id='word_1_250' title='bbox 404 2888 442 2929; x_wconf 86' lang='lat' dir='ltr'><strong>cx</strong></span> <span class='ocrx_word' id='word_1_251' title='bbox 457 2888 493 2931; x_wconf 90' lang='lat' dir='ltr'><strong>co</strong></span> <span class='ocrx_word' id='word_1_252' title='bbox 508 2870 669 2950; x_wconf 83' lang='lat' dir='ltr'><strong>descriptus</strong></span> <span class='ocrx_word' id='word_1_253' title='bbox 684 2889 760 2942; x_wconf 90' lang='lat' dir='ltr'><strong>esse,</strong></span> <span class='ocrx_word' id='word_1_254' title='bbox 777 2869 878 2947; x_wconf 86' lang='lat' dir='ltr'><strong>nequit</strong></span> <span class='ocrx_word' id='word_1_255' title='bbox 891 2880 990 2928; x_wconf 85' lang='lat' dir='ltr'><strong>tamen</strong></span> <span class='ocrx_word' id='word_1_256' title='bbox 1003 2868 1073 2928; x_wconf 89' lang='lat' dir='ltr'><strong>inde</strong></span> <span class='ocrx_word' id='word_1_257' title='bbox 1086 2879 1198 2928; x_wconf 89' lang='lat' dir='ltr'><strong>sumtus</strong></span> <span class='ocrx_word' id='word_1_258' title='bbox 1212 2885 1288 2939; x_wconf 86' lang='lat' dir='ltr'><strong>ease,</strong></span> 
     </span>
     <span class='ocr_line' id='line_1_29' title="bbox 192 2960 1290 3041; baseline -0.004 -20"><span class='ocrx_word' id='word_1_259' title='bbox 192 2962 260 3041; x_wconf 83' lang='lat' dir='ltr'><strong>quia</strong></span> <span class='ocrx_word' id='word_1_260' title='bbox 272 2972 447 3039; x_wconf 88' lang='lat' dir='ltr'><strong>argumenta</strong></span> <span class='ocrx_word' id='word_1_261' title='bbox 459 2962 550 3025; x_wconf 80' lang='lat' dir='ltr'><strong>babet</strong></span> <span class='ocrx_word' id='word_1_262' title='bbox 571 2962 749 3027; x_wconf 88' lang='lat' dir='ltr'><strong>orationibus</strong></span> <span class='ocrx_word' id='word_1_263' title='bbox 765 2962 899 3040; x_wconf 71' lang='lat' dir='ltr'><strong>profixa,</strong></span> <span class='ocrx_word' id='word_1_264' title='bbox 912 2961 1019 3039; x_wconf 87' lang='lat' dir='ltr'><strong>quibus</strong></span> <span class='ocrx_word' id='word_1_265' title='bbox 1040 2960 1217 3040; x_wconf 78' lang='lat' dir='ltr'><strong>argumentis</strong></span> <span class='ocrx_word' id='word_1_266' title='bbox 1229 2960 1290 3038; x_wconf 85' lang='lat' dir='ltr'><strong>pri·</strong></span> 
     </span>
     <span class='ocr_line' id='line_1_30' title="bbox 190 3048 1287 3132; baseline -0.003 -19"><span class='ocrx_word' id='word_1_267' title='bbox 190 3070 256 3113; x_wconf 89' lang='lat' dir='ltr'><strong>mus</strong></span> <span class='ocrx_word' id='word_1_268' title='bbox 269 3064 360 3113; x_wconf 88' lang='lat' dir='ltr'><strong>caret.</strong></span> <span class='ocrx_word' id='word_1_269' title='bbox 400 3048 504 3113; x_wconf 80' lang='lat' dir='ltr'><strong>Habet</strong></span> <span class='ocrx_word' id='word_1_270' title='bbox 515 3052 564 3111; x_wconf 89' lang='lat' dir='ltr'><strong>hic</strong></span> <span class='ocrx_word' id='word_1_271' title='bbox 578 3054 674 3113; x_wconf 82' lang='lat' dir='ltr'><strong>codex</strong></span> <span class='ocrx_word' id='word_1_272' title='bbox 689 3054 777 3113; x_wconf 86' lang='lat' dir='ltr'><strong>etiam</strong></span> <span class='ocrx_word' id='word_1_273' title='bbox 791 3053 850 3112; x_wconf 87' lang='lat' dir='ltr'><strong>alia</strong></span> <span class='ocrx_word' id='word_1_274' title='bbox 862 3053 993 3122; x_wconf 90' lang='lat' dir='ltr'><strong>aliorum,</strong></span> <span class='ocrx_word' id='word_1_275' title='bbox 1007 3071 1074 3132; x_wconf 85' lang='lat' dir='ltr'><strong>quas</strong></span> <span class='ocrx_word' id='word_1_276' title='bbox 1087 3052 1222 3111; x_wconf 85' lang='lat' dir='ltr'><strong>conferre</strong></span> <span class='ocrx_word' id='word_1_277' title='bbox 1235 3070 1287 3110; x_wconf 89' lang='lat' dir='ltr'><strong>ne·</strong></span> 
     </span>
     <span class='ocr_line' id='line_1_31' title="bbox 192 3142 1287 3229; baseline -0.002 -26"><span class='ocrx_word' id='word_1_278' title='bbox 192 3162 251 3224; x_wconf 88' lang='lat' dir='ltr'><strong>que</strong></span> <span class='ocrx_word' id='word_1_279' title='bbox 265 3144 365 3215; x_wconf 78' lang='lat' dir='ltr'><strong>ouum,</strong></span> <span class='ocrx_word' id='word_1_280' title='bbox 382 3162 480 3226; x_wconf 89' lang='lat' dir='ltr'><strong>neque</strong></span> <span class='ocrx_word' id='word_1_281' title='bbox 499 3144 610 3203; x_wconf 84' lang='lat' dir='ltr'><strong>animus</strong></span> <span class='ocrx_word' id='word_1_282' title='bbox 629 3143 695 3213; x_wconf 86' lang='lat' dir='ltr'><strong>fuit,</strong></span> <span class='ocrx_word' id='word_1_283' title='bbox 718 3143 784 3203; x_wconf 83' lang='lat' dir='ltr'><strong>hoec</strong></span> <span class='ocrx_word' id='word_1_284' title='bbox 804 3143 926 3203; x_wconf 83' lang='lat' dir='ltr'><strong>scilicet</strong></span> <span class='ocrx_word' id='word_1_285' title='bbox 949 3142 1103 3229; x_wconf 70' lang='lat' dir='ltr'><strong>lipartem</strong></span> <span class='ocrx_word' id='word_1_286' title='bbox 1117 3142 1287 3204; x_wconf 88' lang='lat' dir='ltr'><strong>Promethei</strong></span> 
     </span>
     <span class='ocr_line' id='line_1_32' title="bbox 193 3233 1289 3319; baseline -0.005 -20"><span class='ocrx_word' id='word_1_287' title='bbox 193 3233 356 3319; x_wconf 78' lang='lat' dir='ltr'><strong>AEschylei.</strong></span> <span class='ocrx_word' id='word_1_288' title='bbox 371 3236 474 3316; x_wconf 86' lang='lat' dir='ltr'><strong>(usque</strong></span> <span class='ocrx_word' id='word_1_289' title='bbox 497 3236 536 3295; x_wconf 89' lang='lat' dir='ltr'><strong>ad</strong></span> <span class='ocrx_word' id='word_1_290' title='bbox 555 3255 587 3316; x_wconf 94' lang='lat' dir='ltr'><strong>p.</strong></span> <span class='ocrx_word' id='word_1_291' title='bbox 597 3240 649 3297; x_wconf 72' lang='lat'><strong>48.</strong></span> <span class='ocrx_word' id='word_1_292' title='bbox 672 3236 768 3296; x_wconf 88' lang='lat' dir='ltr'><strong>Henr.</strong></span> <span class='ocrx_word' id='word_1_293' title='bbox 783 3234 937 3314; x_wconf 83' lang='lat' dir='ltr'><strong>Stephani)</strong></span> <span class='ocrx_word' id='word_1_294' title='bbox 957 3256 1025 3296; x_wconf 91' lang='lat' dir='ltr'><strong>cum</strong></span> <span class='ocrx_word' id='word_1_295' title='bbox 1048 3235 1165 3295; x_wconf 86' lang='lat' dir='ltr'><strong>scholiis</strong></span> <span class='ocrx_word' id='word_1_296' title='bbox 1177 3233 1289 3295; x_wconf 87' lang='lat' dir='ltr'><strong>interli-</strong></span> 
     </span>
     <span class='ocr_line' id='line_1_33' title="bbox 192 3326 1289 3409; baseline -0.004 -18"><span class='ocrx_word' id='word_1_297' title='bbox 192 3330 330 3391; x_wconf 86' lang='lat' dir='ltr'><strong>nearibus</strong></span> <span class='ocrx_word' id='word_1_298' title='bbox 343 3338 373 3388; x_wconf 85' lang='lat' dir='ltr'><strong>et</strong></span> <span class='ocrx_word' id='word_1_299' title='bbox 386 3328 604 3409; x_wconf 80' lang='lat' dir='ltr'><strong>marginalibus.</strong></span> <span class='ocrx_word' id='word_1_300' title='bbox 628 3332 660 3399; x_wconf 72' lang='lat'><strong>2)</strong></span> <span class='ocrx_word' id='word_1_301' title='bbox 673 3328 761 3387; x_wconf 90' lang='lat' dir='ltr'><strong>odam</strong></span> <span class='ocrx_word' id='word_1_302' title='bbox 777 3329 892 3388; x_wconf 88' lang='lat' dir='ltr'><strong>tertiam</strong></span> <span class='ocrx_word' id='word_1_303' title='bbox 907 3327 996 3408; x_wconf 76' lang='lat' dir='ltr'><strong>Pyth.</strong></span> <span class='ocrx_word' id='word_1_304' title='bbox 1011 3328 1139 3389; x_wconf 88' lang='lat' dir='ltr'><strong>Pindari.</strong></span> <span class='ocrx_word' id='word_1_305' title='bbox 1159 3329 1191 3407; x_wconf 75' lang='lat'><strong>3)</strong></span> <span class='ocrx_word' id='word_1_306' title='bbox 1202 3326 1289 3387; x_wconf 64' lang='lat' dir='ltr'><strong>mam</strong></span> 
     </span>
     <span class='ocr_line' id='line_1_34' title="bbox 192 3419 1287 3502; baseline 0 -21"><span class='ocrx_word' id='word_1_307' title='bbox 192 3422 353 3482; x_wconf 86' lang='lat' dir='ltr'><strong>secundam</strong></span> <span class='ocrx_word' id='word_1_308' title='bbox 364 3420 452 3480; x_wconf 88' lang='lat' dir='ltr'><strong>Nem.</strong></span> <span class='ocrx_word' id='word_1_309' title='bbox 473 3426 506 3497; x_wconf 78' lang='lat'><strong>4)</strong></span> <span class='ocrx_word' id='word_1_310' title='bbox 518 3420 631 3482; x_wconf 88' lang='lat' dir='ltr'><strong>initium</strong></span> <span class='ocrx_word' id='word_1_311' title='bbox 642 3420 763 3502; x_wconf 82' lang='lat' dir='ltr'><strong>Olymp.</strong></span> <span class='ocrx_word' id='word_1_312' title='bbox 776 3419 903 3501; x_wconf 85' lang='lat' dir='ltr'><strong>Reliqua</strong></span> <span class='ocrx_word' id='word_1_313' title='bbox 912 3420 1031 3480; x_wconf 85' lang='lat' dir='ltr'><strong>Pindari</strong></span> <span class='ocrx_word' id='word_1_314' title='bbox 1045 3430 1147 3481; x_wconf 88' lang='lat' dir='ltr'><strong>carent</strong></span> <span class='ocrx_word' id='word_1_315' title='bbox 1160 3420 1287 3492; x_wconf 86' lang='lat' dir='ltr'><strong>scholiis,</strong></span> 
     </span>
     <span class='ocr_line' id='line_1_35' title="bbox 193 3512 557 3595; baseline 0 -22"><span class='ocrx_word' id='word_1_316' title='bbox 193 3524 299 3595; x_wconf 73' lang='lat' dir='ltr'><strong>preter</strong></span> <span class='ocrx_word' id='word_1_317' title='bbox 311 3512 422 3572; x_wconf 85' lang='lat' dir='ltr'><strong>initium</strong></span> <span class='ocrx_word' id='word_1_318' title='bbox 437 3512 557 3593; x_wconf 83' lang='lat' dir='ltr'><strong>Olymp.</strong></span> 
     </span>
    </p>

    <p class='ocr_par' dir='ltr' id='par_1_8' title="bbox 194 3604 1288 3871">
     <span class='ocr_line' id='line_1_36' title="bbox 235 3604 1286 3687; baseline -0.001 -22"><span class='ocrx_word' id='word_1_319' title='bbox 235 3606 341 3665; x_wconf 84' lang='lat' dir='ltr'><strong>Sextus</strong></span> <span class='ocrx_word' id='word_1_320' title='bbox 354 3606 453 3666; x_wconf 85' lang='lat' dir='ltr'><strong>codex</strong></span> <span class='ocrx_word' id='word_1_321' title='bbox 466 3604 675 3667; x_wconf 87' lang='lat' dir='ltr'><strong>Demosthenis</strong></span> <span class='ocrx_word' id='word_1_322' title='bbox 688 3606 882 3684; x_wconf 82' lang='lat' dir='ltr'><strong>Augustanus</strong></span> <span class='ocrx_word' id='word_1_323' title='bbox 902 3606 985 3683; x_wconf 86' lang='lat' dir='ltr'><strong>cujas</strong></span> <span class='ocrx_word' id='word_1_324' title='bbox 998 3604 1036 3665; x_wconf 89' lang='lat' dir='ltr'><strong>sit</strong></span> <span class='ocrx_word' id='word_1_325' title='bbox 1049 3605 1163 3687; x_wconf 86' lang='lat' dir='ltr'><strong>etquid</strong></span> <span class='ocrx_word' id='word_1_326' title='bbox 1176 3612 1286 3673; x_wconf 81' lang='lat' dir='ltr'><strong>teneat,</strong></span> 
     </span>
     <span class='ocr_line' id='line_1_37' title="bbox 194 3694 1287 3779; baseline -0.003 -20"><span class='ocrx_word' id='word_1_327' title='bbox 194 3700 321 3761; x_wconf 91' lang='lat' dir='ltr'><strong>nondum</strong></span> <span class='ocrx_word' id='word_1_328' title='bbox 340 3700 419 3771; x_wconf 67' lang='lat' dir='ltr'><strong>noti,</strong></span> <span class='ocrx_word' id='word_1_329' title='bbox 442 3700 495 3759; x_wconf 91' lang='lat' dir='ltr'><strong>sed</strong></span> <span class='ocrx_word' id='word_1_330' title='bbox 516 3698 618 3770; x_wconf 87' lang='lat' dir='ltr'><strong>sciam,</strong></span> <span class='ocrx_word' id='word_1_331' title='bbox 638 3698 689 3759; x_wconf 89' lang='lat' dir='ltr'><strong>ubi</strong></span> <span class='ocrx_word' id='word_1_332' title='bbox 701 3698 810 3779; x_wconf 88' lang='lat' dir='ltr'><strong>potitus</strong></span> <span class='ocrx_word' id='word_1_333' title='bbox 824 3716 860 3757; x_wconf 90' lang='lat' dir='ltr'><strong>eo</strong></span> <span class='ocrx_word' id='word_1_334' title='bbox 879 3694 976 3757; x_wconf 87' lang='lat' dir='ltr'><strong>fuero.</strong></span> <span class='ocrx_word' id='word_1_335' title='bbox 993 3718 1071 3758; x_wconf 91' lang='lat' dir='ltr'><strong>nunc</strong></span> <span class='ocrx_word' id='word_1_336' title='bbox 1091 3698 1168 3757; x_wconf 84' lang='lat' dir='ltr'><strong>enim</strong></span> <span class='ocrx_word' id='word_1_337' title='bbox 1188 3698 1287 3757; x_wconf 89' lang='lat' dir='ltr'><strong>adhuc</strong></span> 
     </span>
     <span class='ocr_line' id='line_1_38' title="bbox 194 3789 1288 3871; baseline -0.004 -20"><span class='ocrx_word' id='word_1_338' title='bbox 194 3812 260 3851; x_wconf 87' lang='lat' dir='ltr'><strong>eum</strong></span> <span class='ocrx_word' id='word_1_339' title='bbox 275 3804 422 3870; x_wconf 81' lang='lat' dir='ltr'><strong>exspecto.</strong></span> <span class='ocrx_word' id='word_1_340' title='bbox 465 3791 604 3870; x_wconf 83' lang='lat' dir='ltr'><strong>Signatus</strong></span> <span class='ocrx_word' id='word_1_341' title='bbox 618 3803 663 3851; x_wconf 88' lang='lat' dir='ltr'><strong>est</strong></span> <span class='ocrx_word' id='word_1_342' title='bbox 682 3793 713 3850; x_wconf 89' lang='lat' dir='ltr'><strong>in</strong></span> <span class='ocrx_word' id='word_1_343' title='bbox 724 3790 869 3868; x_wconf 78' lang='lat' dir='ltr'><strong>catalogo</strong></span> <span class='ocrx_word' id='word_1_344' title='bbox 883 3789 1030 3850; x_wconf 86' lang='lat' dir='ltr'><strong>Reusner.</strong></span> <span class='ocrx_word' id='word_1_345' title='bbox 1043 3796 1134 3871; x_wconf 83' lang='lat' dir='ltr'><strong>p.86.</strong></span> <span class='ocrx_word' id='word_1_346' title='bbox 1149 3789 1207 3851; x_wconf 89' lang='lat' dir='ltr'><strong>sic:</strong></span> <span class='ocrx_word' id='word_1_347' title='bbox 1222 3790 1288 3848; x_wconf 87' lang='lat' dir='ltr'><strong>Do·</strong></span> 
     </span>
    </p>
   </div>
   <div class='ocr_carea' id='block_1_5' title="bbox 57 3872 973 3967">
    <p class='ocr_par' dir='ltr' id='par_1_9' title="bbox 57 3872 973 3967">
     <span class='ocr_line' id='line_1_39' title="bbox 57 3872 973 3967; baseline -0.005 -19"><span class='ocrx_word' id='word_1_348' title='bbox 57 3872 62 3885; x_wconf 60' lang='lat'><strong><em>¹</em></strong></span> <span class='ocrx_word' id='word_1_349' title='bbox 193 3882 353 3947; x_wconf 87' lang='lat' dir='ltr'><strong>mosthenis</strong></span> <span class='ocrx_word' id='word_1_350' title='bbox 367 3882 554 3967; x_wconf 80' lang='lat' dir='ltr'><strong>Olynthiacae</strong></span> <span class='ocrx_word' id='word_1_351' title='bbox 567 3901 636 3949; x_wconf 89' lang='lat' dir='ltr'><strong>cum</strong></span> <span class='ocrx_word' id='word_1_352' title='bbox 653 3880 752 3945; x_wconf 85' lang='lat' dir='ltr'><strong>multis</strong></span> <span class='ocrx_word' id='word_1_353' title='bbox 765 3881 828 3943; x_wconf 86' lang='lat' dir='ltr'><strong>aliis</strong></span> <span class='ocrx_word' id='word_1_354' title='bbox 841 3880 973 3945; x_wconf 81' lang='lat' dir='ltr'><strong>aliorum.</strong></span> 
     </span>
    </p>
   </div>
   <div class='ocr_carea' id='block_1_6' title="bbox 0 0 1496 4917">
    <p class='ocr_par' dir='ltr' id='par_1_10' title="bbox 0 0 1496 4917">
     <span class='ocr_line' id='line_1_40' title="bbox 0 0 1496 4917; baseline 0 0"><span class='ocrx_word' id='word_1_355' title='bbox 0 0 1496 4917; x_wconf 95' lang='lat' dir='ltr'><strong> </strong></span> 
     </span>
    </p>
   </div>
  </div>
 </body>
</html>
