2984 4917
209 330 277 397 xxiv
332 334 356 395 1.
370 326 496 395 RERN.
511 322 646 395 amc.
659 326 788 395 Pam.
801 329 864 393 AD
878 326 1001 395 SUUM
1013 328 1240 393 DEMOSTH.

208 498 239 557 in
254 490 351 553 iocum
365 490 434 567 'ejus
455 484 631 561 suenenieti,
644 495 676 551 et
694 488 822 569 qeaio,
834 498 868 550 et
879 488 982 550 martiis
994 488 1085 571 pina
1095 506 1165 547 erm
1177 484 1299 557 m

208 583 389 661 undamque
401 599 513 643 monam
531 580 704 661 probitatem
724 600 786 661 pete
797 592 828 642 te
846 580 935 653 istas,
946 592 982 642 ut
993 600 1053 641 noo
1064 591 1127 639 tus
1137 578 1299 658 diffitentis

206 694 294 753 qsmm
307 674 551 754 pauperumque
565 674 653 761 animi
666 675 755 735 etiam
768 679 832 750 ejos
842 691 996 738 suosmet
1008 673 1098 733 foisse
1110 670 1245 741 nocens.
1255 669 1299 731 ni·

206 764 248 825 bil
262 785 375 846 sareon,
388 766 458 845 quin
475 783 540 827 eam
562 766 821 845 exspectationem,
840 783 927 846 quam
941 766 992 827 iile
1004 766 1043 825 de
1055 783 1089 825 se
1105 762 1184 843 epod
1195 779 1300 823 uass

207 858 413 930 concitaverat,
432 858 574 919 susfinere
594 878 629 919 ac
647 858 724 919 tueri
736 859 825 919 etim
841 858 996 937 magnifice
1007 857 1110 938 pono.
1152 854 1299 934 Suaeipiss

207 949 296 1028 igitur
305 952 334 1010 in
345 951 502 1032 prestantia
515 950 756 1021 Demosthenem,
770 970 806 1011 ao
820 952 935 1031 quoties
946 970 1014 1011 sam
1031 950 1062 1009 in
1075 966 1177 1008 manns
1189 966 1298 1020 massa

205 1043 373 1123 frequenter
386 1056 484 1105 autern
497 1044 528 1103 id
541 1043 683 1103 facturum
695 1054 727 1104 te
740 1064 807 1105 esse
815 1064 874 1104 non
887 1044 1001 1115 dubito,
1010 1064 1071 1103 non
1080 1055 1142 1103 tn
1154 1056 1298 1101 turam

207 1148 362 1209 oraturam,
376 1158 461 1215 qnam
476 1136 629 1195 mariarum
642 1136 730 1197 stiam
740 1137 846 1197 amoris
863 1136 894 1195 in
907 1148 941 1197 to
950 1137 1010 1197 nei
1022 1136 1163 1215 iudcium
1181 1143 1298 1193 sumere

206 1240 238 1289 to
250 1230 438 1289 aabdmnbis.
459 1229 547 1292 Veis.

653 1400 797 1464 Studiosis
818 1400 850 1464 S.

246 1530 322 1590 Onu
337 1526 543 1592 Demosthenis
563 1531 706 1593 orationes
726 1530 765 1591 ad
788 1528 970 1591 commodum
991 1538 1119 1588 vestrum
1139 1542 1228 1606 parva
1240 1522 1296 1585 hae

204 1618 298 1681 forma
311 1620 537 1697 excuderentur,
552 1622 582 1683 in
594 1636 653 1685 tres
667 1634 764 1705 patrm
778 1642 827 1682 eas
841 1620 1010 1681 dividendas
1025 1617 1199 1695 censuimus,
1210 1636 1258 1687 ne,
1273 1614 1297 1676 si

204 1732 264 1772 uno
282 1713 424 1774 volumine
441 1734 543 1778 omnes
556 1715 681 1779 inissent
700 1717 927 1795 comprehensas,
942 1713 971 1771 in
987 1724 1099 1771 tantam
1121 1709 1297 1790 magnitndi'·

204 1822 272 1865 nem
286 1820 474 1869 excresceret
489 1811 574 1884 liber,
588 1822 622 1869 ut
634 1824 709 1868 vona
722 1806 815 1867 omnis
829 1806 937 1864 utilitas
951 1802 1044 1875 fieret,
1056 1822 1142 1882 qnam
1153 1818 1190 1863 ex
1204 1800 1297 1861 forma

203 1896 260 1958 irac
275 1900 361 1959 eratis
374 1898 508 1960 habituri.
552 1902 632 1980 Apte
646 1910 743 1960 autem
756 1895 867 1968 incidit,
882 1908 916 1955 ut
933 1897 1043 1975 absque
1061 1894 1121 1955 uiis
1141 1895 1194 1954 nisi
1207 1902 1297 1975 perta

204 1990 361 2050 admodum
375 1990 480 2049 veteris
494 1990 600 2051 ordinis
614 1992 773 2051 mutatione
787 1988 868 2049 iacta
882 1980 982 2049 divisio
996 1988 1042 2048 sit.
1069 1987 1146 2047 Nam
1158 1988 1188 2045 in
1201 1986 1295 2068 prima

203 2096 286 2162 parte
306 2080 500 2141 deliberative
521 2102 619 2143 omnes
640 2084 744 2164 posite
765 2092 842 2154 sunt,
859 2101 895 2141 eo
908 2100 967 2161 quo
987 2081 1068 2162 prius
1089 2090 1171 2140 erant
1193 2078 1294 2139 ordine

203 2173 363 2233 collocatae.
386 2184 475 2253 atque
497 2174 526 2233 id
547 2176 652 2236 merito
673 2176 801 2255 quidem,
824 2185 982 2259 proptereav
996 2171 1075 2253 quod
1096 2192 1149 2251 par
1170 2180 1241 2243 erat,
1260 2180 1294 2231 ot

204 2264 399 2335 consultandi,
421 2278 453 2325 et
471 2264 651 2328 deliberandi
665 2266 833 2328 Rhetorice
854 2266 975 2347 species,
988 2284 1054 2345 quae
1072 2266 1166 2345 prima
1178 2272 1208 2324 et
1227 2282 1294 2342 gra.

201 2356 326 2427 sissima,
341 2357 526 2439 maximeque
545 2360 584 2420 ad
604 2360 734 2421 civitates
755 2359 899 2439 regendas
915 2357 1079 2417 necessaria
1095 2368 1151 2430 est,
1170 2356 1295 2437 primurn

202 2450 289 2511 etiam
311 2448 341 2507 in
355 2447 456 2509 ordine
476 2450 574 2513 locum
592 2454 746 2515 obtineret.
787 2452 844 2512 His
863 2464 894 2514 et
907 2448 1095 2512 deliberativa
1112 2445 1241 2521 exordia,
1263 2457 1294 2509 et

202 2544 274 2603 duas
288 2540 526 2605 demonstrativas
548 2546 692 2607 orationes
710 2546 921 2622 subjunximus,
935 2563 1000 2623 quae
1019 2544 1050 2601 in
1070 2539 1156 2601 tinem
1176 2540 1243 2601 libri
1263 2539 1293 2600 in
1394 2595 1401 2603 .

200 2634 292 2695 veteri
305 2632 492 2713 impressione
506 2639 618 2714 rejecta
630 2638 758 2711 fuerant,
771 2638 831 2709 iila,
844 2637 910 2717 quia
925 2636 963 2695 ad
976 2636 1054 2695 idem
1075 2648 1168 2713 genus
1180 2646 1292 2714 specta·

200 2728 352 2801 banthas,
366 2726 444 2807 quia,
459 2750 525 2790 cum
539 2732 615 2791 adeo
628 2752 729 2812 paucae
748 2742 854 2802 essent,
870 2742 903 2789 ut
922 2729 1033 2788 nulium
1045 2728 1182 2791 volumen
1200 2726 1292 2788 confl-

200 2840 269 2881 cere
287 2842 340 2903 per
353 2844 418 2885 sese
433 2835 560 2906 possent,
574 2824 629 2885 sed
643 2824 727 2885 alicui
748 2844 787 2884 ex
801 2824 863 2884 aliis
877 2834 1013 2902 tanquam
1034 2822 1178 2902 appendix
1201 2840 1291 2883 anne·

199 2914 312 2975 etendoe
324 2930 430 2990 essent,
439 2918 467 2977 ei
477 2918 595 2979 annecti
606 2918 758 2979 commode
769 2938 855 2999 posse
863 2916 1043 2989 videbantur,
1053 2916 1133 2999 quod
1143 2913 1290 2975 minimum

199 3009 327 3068 omnium
340 3022 405 3070 erat
417 3011 556 3070 sutumm.
598 3012 736 3071 Secunda
748 3030 815 3091 pars
820 3010 1006 3087 judicialibus
1019 3012 1052 3073 iis
1065 3023 1177 3072 tantum
1192 3003 1291 3070 dicata

198 3111 253 3171 est,
268 3121 334 3179 ques
347 3102 394 3161 sel
415 3102 453 3161 de
466 3102 591 3161 decretis
605 3113 636 3162 et
655 3102 768 3181 tegibus
788 3113 892 3181 praeter
905 3102 986 3179 leges
999 3104 1078 3181 latis,
1093 3104 1138 3162 vel
1153 3104 1190 3162 de
1209 3103 1289 3181 lege·

198 3190 323 3251 tionibus
333 3192 409 3253 maie
422 3193 503 3265 actis,
517 3194 563 3252 vei
575 3192 739 3271 hujusmodi
754 3192 815 3251 aliis
829 3192 953 3274 publicis
967 3194 1062 3253 causis
1076 3194 1191 3271 scripte
1210 3203 1288 3253 sunt.

199 3282 300 3343 Tertia
313 3296 435 3346 ceteras
454 3304 553 3346 omnes
568 3286 721 3366 complexa
734 3295 790 3354 est,
809 3303 875 3364 qute
896 3285 934 3344 od
955 3284 1070 3355 tutelas,
1089 3284 1286 3359 hereditates,

198 3391 384 3453 mercaturas,
406 3390 494 3460 atque
517 3378 548 3438 id
572 3398 665 3458 genus
685 3378 799 3458 privata
822 3377 997 3438 commercia
1023 3379 1154 3438 attinent
1208 3378 1288 3441 Hoeo

198 3471 274 3533 enim
292 3472 419 3545 tertium,
433 3473 674 3552 quemadmodum
688 3471 805 3551 publica
818 3470 987 3543 secundum,
1000 3471 1097 3532 locum
1111 3469 1165 3533 sibi
1184 3476 1288 3536 merito

196 3562 360 3624 vendicant.
374 3584 441 3625 nam
455 3564 529 3624 sicut
542 3565 654 3645 privata
666 3562 801 3644 publicis,
815 3562 855 3623 ita
862 3561 973 3640 judicia
986 3585 1051 3625 esse
1064 3564 1200 3629 inferiora
1214 3568 1288 3629 deli-

196 3656 392 3717 berntionibus
404 3658 522 3717 debent.
536 3657 641 3738 quippe
653 3676 719 3717 cum
734 3656 844 3733 judicie
858 3658 925 3729 sint,
936 3679 1003 3737 quas
1016 3679 1074 3718 nou
1084 3670 1143 3719 tam
1157 3681 1204 3740 ea,
1220 3682 1286 3741 quae

197 3766 234 3809 ex
247 3750 370 3829 iegibus,
381 3770 469 3829 quam
486 3770 553 3829 ques
574 3767 611 3809 ex
627 3750 884 3813 deliberationibus
898 3753 1055 3814 constituta
1072 3765 1150 3826 sunt,
1165 3754 1286 3813 sirecte

195 3852 344 3920 gerantur,
366 3842 532 3914 honoribus,
552 3842 680 3917 simale,
702 3844 793 3924 poenis
817 3844 895 3905 cives
915 3844 1051 3906 afficiant.
1092 3847 1166 3906 Tres
1185 3856 1285 3908 autem

194 3932 241 3991 hes
254 3944 352 4013 partes
365 3934 491 3993 diversas
504 3934 655 4006 lectiones,
669 3956 733 4014 quae
746 3934 776 3994 in
790 3948 930 3996 contextu
940 3939 1078 4000 asterisco
1089 3949 1196 3999 notatae
1205 3950 1283 4014 sunt,

193 4042 260 4085 suas
272 4043 395 4104 queque
408 4025 437 4084 in
458 4026 540 4085 calce
558 4026 700 4106 repositas
714 4026 812 4088 habet.
853 4028 960 4090 Errato
971 4052 1051 4104 vero,
1062 4052 1127 4111 quae
1140 4031 1216 4093 inter
1230 4052 1284 4093 ex·

152 4126 158 4139 '
194 4115 359 4177 cudendum
373 4118 532 4197 contigere,
549 4118 579 4177 in
594 4120 676 4182 calce
694 4120 787 4183 tertiae
801 4121 898 4183 omnia
916 4123 1042 4183 omnium
1055 4124 1181 4207 partium
1200 4123 1283 4185 resti-

194 4209 491 4273 tuendacurarimus.
511 4210 624 4272 Valete.
