2984 4917
491 297 550 358 All
573 295 921 358 nemosianus-M.
1187 293 1273 357 cxciii

583 587 720 684 ,seen
745 585 859 654 xxi.

554 761 601 818 De
618 763 688 820 libro
705 745 887 819 ttf'eimarmo.

213 915 396 978 lsrssnuss
407 913 497 975 effero
507 907 642 996 quiedam
651 933 668 974 e
677 911 753 974 libro
761 911 959 983 Weirnareno‚
969 911 1006 971 de
1017 929 1077 991 quo
1085 910 1155 972 mihi
1168 912 1270 991 peucis

173 1005 330 1068 dicendum
344 1018 488 1088 superest.
530 1004 771 1076 Bartlrolomaeus,
782 1003 821 1064 V·.
833 1003 870 1066 C.
880 1003 1073 1089 Bibliothecae
1084 1003 1191 1076 ducali,
1204 1024 1271 1084 quse

174 1098 332 1161 Weimeroe
352 1109 405 1174 est,
424 1099 590 1179 preelectus,
611 1097 654 1156 vir
668 1085 807 1177 perquem
826 1097 970 1158 officiosus
983 1110 1014 1157 et
1027 1097 1180 1182 humerius,
1201 1119 1271 1158 cum

170 1193 329 1254 audivisset
346 1213 394 1254 me
413 1192 620 1260 Demosthenis
633 1189 741 1254 edendi
760 1189 875 1270 cepisse
894 1189 1058 1263 consilium,
1071 1191 1150 1252 ultro
1163 1191 1202 1258 ed
1220 1211 1270 1252 me

171 1285 305 1345 mittebat
325 1302 425 1346 mense
438 1285 580 1349 Jennerio
594 1282 675 1344 Anni
690 1285 779 1349 1766.
800 1283 968 1363 exemplum
988 1283 1126 1344 editionis
1150 1283 1271 1344 Aldine

174 1393 210 1434 es
232 1376 292 1449 ills,
312 1375 360 1438 cui
379 1387 496 1457 preest,
514 1377 692 1438 bibliothece
713 1375 822 1446 duculi,
836 1375 886 1436 cui
906 1376 1042 1455 exemplo
1056 1374 1174 1449 Aldine,
1192 1377 1273 1458 quod

175 1467 241 1526 olirn
253 1487 346 1548 penes
361 1469 572 1550 Msrquerdurn
586 1469 719 1529 Gudiurn
735 1467 802 1538 fuis,
823 1468 876 1527 sed
889 1487 908 1528 a
921 1468 958 1537 C.
971 1467 1002 1530 S.
1015 1467 1271 1543 Schurelleischio,

174 1558 202 1618 id
214 1561 294 1640 quod
308 1579 410 1633 manns
424 1565 488 1642 ejus
500 1573 633 1632 testetur,
648 1562 678 1620 in
689 1559 895 1620 bibliothecam
908 1560 1017 1620 ducum
1027 1559 1273 1623 Weimarensium

173 1649 294 1724 illatum,
308 1653 463 1734 edscriptce
475 1663 558 1714 erent
578 1673 598 1714 e
610 1651 726 1712 duobus
738 1650 868 1721 (liversis,
883 1651 977 1710 altero
990 1653 1164 1732 antiquiore,
1177 1654 1274 1714 eltero

169 1744 293 1818 juniore,
315 1745 457 1806 lectiones
481 1743 580 1824 serie,
600 1742 754 1823 inquibus
775 1743 864 1803 etiem
886 1743 1035 1803 nonnullae
1059 1755 1127 1804 sunt
1147 1746 1273 1826 vulgetis

175 1835 395 1899 emendatiores.
438 1837 503 1897 Has
524 1835 642 1916 eppello
665 1834 866 1894 Weimormsms
889 1833 1069 1912 simpliciter,
1084 1853 1135 1895 seu
1154 1835 1273 1898 Weime·

173 1947 268 1986 rusum
288 1937 478 1999 correctorem,
488 1928 536 1988 vel
550 1935 746 2008 annotatorem.
787 1925 824 1983 ln
836 1924 896 1986 fine
908 1925 995 2003 hujus
1014 1916 1131 1987 codicis
1145 1927 1211 1988 htec
1224 1948 1273 1989 re·

174 2020 235 2100 peri
249 2031 398 2082 annotate.
413 2021 441 2081 I.
455 2021 488 2079 de
505 2021 606 2086 Vtriculi
623 2019 651 2077 V
649 2028 743 2078 erictus
756 2017 802 2076 M.
814 2018 949 2078 quentio
964 2020 1210 2081 steenstraten
1223 2022 1273 2082 hoc

173 2115 262 2174 codice
273 2115 370 2173 noricis
382 2115 508 2174 lectiones
521 2113 673 2171 emmtccit.
715 2111 799 2171 Idem
813 2111 843 2170 ni
853 2111 949 2183 fellor,
963 2112 992 2170 in
1005 2112 1104 2172 fronte
1117 2112 1183 2172 libri
1195 2113 1273 2174 hene

174 2205 392 2287 praescripserat
419 2205 646 2266 admonitionem
668 2203 799 2276 (Multus
817 2204 848 2261 is
871 2205 953 2283 iirjru
980 2206 1081 2264 codicis
1103 2207 1274 2285 marginibus

174 2299 299 2359 lectiones
326 2301 419 2357 nerias
431 2299 471 2358 sic
479 2341 487 2360 .
496 2343 503 2360 .
512 2340 520 2356 .
529 2303 638 2357 motetus
651 2297 751 2373 reperi.
782 2296 864 2354 Alios
882 2297 977 2355 addidi
988 2317 1022 2356 ee
1034 2297 1149 2357 ulterius
1164 2299 1274 2358 librarii

174 2391 273 2463 codice,
295 2411 363 2470 quas
380 2394 422 2450 ite
443 2389 553 2470 signori
566 2392 595 2450 2.
612 2397 644 2448 ut
658 2408 675 2447 a
688 2389 785 2465 primis
797 2389 1031 2468 dignoscerentur.
1073 2389 1200 2468 Siquam
1222 2411 1279 2450 eu*

175 2491 228 2541 tem
241 2486 270 2543 ie
284 2485 332 2542 lios
345 2485 436 2544 codice
450 2483 588 2542 lectionem
601 2481 714 2540 similem
727 2481 845 2540 iterim
857 2482 957 2541 codicis
976 2482 1088 2541 lectiom
1106 2483 1207 2553 inversi,
1222 2503 1273 2562 ap·

172 2578 309 2652 possiem
322 2595 445 2636 numeror
460 2579 488 2636 l.
502 2577 533 2635 2.
561 2573 661 2634 Peuce
674 2573 739 2632 item
754 2593 787 2632 es
800 2574 884 2631 tertio
897 2574 988 2633 codice
1008 2575 1050 2632 ite
1072 2575 1190 2653 signeto
1207 2585 1275 2633 esst

176 2669 217 2745 3.)
258 2667 336 2728 Hoec
350 2667 400 2728 illa
413 2687 516 2728 inanire
530 2685 617 2727 nove.
629 2685 696 2745 quae
716 2665 787 2725 mihi
807 2665 905 2726 omnia
925 2678 994 2727 sunt
1011 2668 1136 2727 obscure
1149 2677 1179 2727 et
1191 2667 1278 2730 inex·

175 2759 328 2838 plicehilie.
370 2759 492 2831 Nescio,
506 2759 571 2838 quis
585 2757 634 2819 ille
647 2757 735 2818 liserit
755 2758 908 2831 Valentius,
922 2757 977 2818 nisi
990 2771 1036 2820 est
1055 2759 1153 2839 potins
1163 2760 1274 2821 vulco·

175 2850 249 2912 hius.
263 2853 366 2913 nescio
380 2851 429 2932 qui
443 2851 552 2912 fuerint
565 2854 627 2929 ejus
641 2849 771 2921 codices,
782 2869 857 2928 quos
868 2850 1075 2912 numeriani.
1088 2856 1118 2912 8.
1132 2851 1273 2912 detinuit.

152 2934 155 2943 ¹
176 2943 325 3024 pleresque
345 2944 548 3005 annotationes
568 2953 652 3004 erent
666 2962 684 3002 e
698 2939 830 3002 secundo
839 2942 951 3022 petitee.
965 2963 1032 3022 quet
1044 2961 1113 3003 cum
1126 2943 1274 3023 pleneque

178 3037 366 3096 convenirent
379 3035 589 3096 comestione
603 3035 688 3096 Peuli
701 3033 839 3107 Maeotii,
855 3035 930 3116 coepi
942 3035 1147 3116 auspiceri·eas
1161 3053 1179 3094 e
1195 3036 1274 3096 Peu-

178 3127 235 3188 lina
251 3129 322 3190 illuc
339 3129 492 3190 translates
511 3149 584 3191 esse.
629 3129 690 3190 Sed
703 3128 809 3188 selsam
822 3128 915 3190 titisse
932 3129 1009 3190 herio
1026 3126 1220 3208 suspicionem
1235 3147 1276 3187 ex

178 3239 215 3279 eo
227 3221 326 3294 didici,
340 3221 421 3302 quod
434 3223 581 3282 nonnullae
601 3222 631 3280 in
652 3221 704 3281 illo
725 3221 801 3282 libro
815 3219 1004 3282 Weimsreno
1027 3222 1166 3300 leguntur
1187 3220 1275 3282 seriae

177 3313 327 3389 lectiones,
343 3315 502 3377 esecnndo
516 3325 675 3400 ennotatee,
698 3335 764 3395 quse
776 3335 837 3376 non
850 3326 969 3377 exstent
980 3316 1013 3376 in
1022 3314 1154 3375 Peulina.
1285 3304 1292 3310 ’

581 3646 710 3714 SECT.
735 3644 869 3714 XXII.

551 3809 598 3870 De
618 3810 688 3868 libro
703 3807 893 3885 Lersiegiaso.

216 3964 323 4026 Mrsrn
339 3962 377 4026 ed
391 3985 438 4024 me
452 3962 622 4043 Lessingius
634 3963 672 4024 V.
684 3963 721 4025 C.
735 3977 825 4046 poete
835 3963 940 4026 nobilis
954 3963 1157 4040 Germanicus,
1170 3965 1277 4030 fabulis

178 4059 276 4120 multis
290 4059 424 4130 scenicis,
439 4057 623 4130 Laocoonte,
638 4057 760 4138 aliisque
780 4057 942 4138 insignibus
962 4058 1071 4139 ingenii
1086 4061 1279 4122 monumentis

179 4151 359 4223 nobilitatus,
373 4151 547 4231 llambnrgo
560 4147 710 4222 Aldinem,
723 4149 771 4212 cui
783 4149 904 4212 diverse
917 4171 1021 4214 manus
1032 4153 1125 4214 verim
1139 4153 1280 4214 lectiones

180 4255 210 4302 et
230 4243 344 4306 scholia
357 4243 476 4315 inedita,
491 4263 615 4324 quorum
637 4243 778 4324 pleraque
797 4245 827 4304 in
842 4242 986 4306 Beverico
1007 4245 1077 4306 item
1101 4246 1206 4324 reperi,
1227 4245 1280 4306 ed·

179 4339 340 4417 scripsere3
360 4357 425 4418 qnae
436 4355 557 4417 quomrn
571 4356 674 4398 menna
686 4336 805 4410 luerint,
819 4337 898 4397 haud
909 4349 1032 4408 constet,
1046 4357 1141 4416 neque
1155 4336 1216 4394 ullo
1228 4358 1280 4418 po·

179 4431 219 4490 tui
230 4430 452 4511 deprehendere
463 4441 514 4491 sut
526 4429 666 4510 colligere
679 4429 797 4491 indicio.
805 4429 905 4492 similis
914 4441 960 4491 est
969 4431 1020 4491 ille
1034 4430 1106 4490 liber
1114 4429 1281 4508 Pithoeeno,

220 4553 295 4596 vos.
318 4553 342 4599 1.
503 4577 508 4588 ,
697 4536 755 4594 ti
