2984 4917
194 316 265 386 xviii
373 352 390 391 ,ε
412 312 607 387 ·L··1³sttt
628 312 842 381 usticiam
862 312 1057 381 PBAEFAT.'

196 491 317 557 mopere
327 471 670 552 autumatque
679 474 889 539 relocatione
900 471 1287 555 remam-deaeque&

194 568 341 634 induere
354 567 442 629 itaut
456 566 505 627 alii
517 586 607 648 supra
619 569 737 630 modurn
756 578 823 629 eam
841 569 1027 641 extollerent,
1048 565 1286 646 omnibnsqne'et

195 660 307 725 artibus
327 668 359 719 et
378 658 506 719 scientiis
526 658 759 743 anteponendam
778 661 994 722 arbitrarentur.
1009 660 1059 719 alii
1075 678 1137 718 non
1152 659 1242 718 modo
1253 658 1287 719 id

195 772 257 813 non
271 752 477 830 approbarent,
498 768 598 813 rerum
619 754 708 813 etism
728 770 794 813 esur
806 752 1015 829 vituperarent,
1029 762 1061 810 et
1076 762 1112 809 ut
1122 760 1288 829 suspectam

193 844 345 915 reitandum
360 843 480 909 ommno,
489 855 653 907 censerent.
695 844 733 903 Id
744 854 844 903 autern
853 841 922 901 licet
935 842 1103 915 absurdum,
1116 861 1222 902 norum
1241 853 1287 901 ts·

195 954 267 1007 rnen
288 935 356 994 mibi
377 952 451 1003 ease¹
463 935 579 997 minime
598 937 761 999 ridebatur.
799 934 878 993 Cum
900 933 977 991 enim
997 953 1113 991 mecum
1131 933 1286 993 considero

194 1026 303 1089 multos
321 1044 360 1085 ex
371 1026 545 1103 ffevuaimie
559 1027 642 1087 simul
655 1036 745 1105 atque
758 1024 959 1103 antiquissimis
971 1024 1148 1093 auctoribus,
1162 1024 1210 1102 qui
1224 1025 1287 1085 elo·

194 1119 344 1203 ,quentiem
357 1119 405 1179 vel
424 1116 552 1205 laudarq
566 1117 614 1177 rel
632 1116 793 1198 vituperare
811 1115 992 1187 studuerunt,
1005 1135 1056 1175 eos
1075 1114 1222 1194 comperio
1238 1116 1287 1179 vet

193 1210 289 1289 plura,
304 1228 390 1288 quam
403 1228 456 1287 par
474 1218 548 1279 erat,
563 1205 778 1278 eiattribuisse',
792 1208 840 1267 rel
852 1208 937 1289 plura
950 1206 1120 1279 &unisse
1138 1226 1225 1287 qusm
1238 1223 1286 1271 ro

192 1303 260 1381 ipsa
278 1301 453 1381 postulabat,
466 1299 607 1378 atqueita
620 1310 767 1379 utrosque,
778 1299 847 1360 dum
857 1303 920 1374 eJus
932 1299 980 1358 rel
992 1298 1189 1377 presentiam
1202 1299 1287 1361 mut·

189 1394 387 1468 admirantur,
399 1392 447 1451 vel
467 1391 589 1462 abusum
608 1390 692 1451 nimis
708 1390 893 1453 devitandum
913 1400 1042 1462 censent,
1055 1390 1155 1451 multis
1169 1390 1207 1449 de
1224 1401 1288 1453 tota

191 1502 230 1549 re
244 1502 303 1545 nou
316 1493 398 1543 recte
409 1482 672 1553 sentiendieuesm
685 1482 855 1561 prebuisse.
896 1482 1038 1561 Numqui
1057 1501 1124 1542 eant
1142 1501 1289 1544 common·

190 1576 279 1649 dane,
293 1574 354 1635 fere
367 1594 426 1635 uno
440 1591 584 1635 consensu
597 1593 697 1635 omnes
710 1575 854 1635 bonorum
871 1575 1001 1635 omnium
1012 1574 1204 1639 bumanorum
1217 1594 1288 1635 cau·

191 1687 260 1743 ‚saur
274 1666 301 1727 ei
320 1666 500 1727 adscribunt.
514 1685 580 1727 enm
593 1686 789 1747 congregasse
811 1687 830 1729 a
846 1668 988 1747 principio
1006 1667 1150 1741 homines,
1169 1685 1236 1727 curn
1254 1668 1288 1728 in

190 1758 287 1839 pylvis
301 1759 427 1819 ferarum
440 1778 522 1821 more
535 1759 624 1819 vitam
645 1759 830 1819 traducerent
846 1770 938 1836 atque
957 1757 997 1817 sd
1013 1758 1100 1817 urbes
1119 1758 1287 1820 condendas

193 1850 354 1932 ‚induusse
375 1872 440 1913 eam
457 1852 540 1929 leges
561 1850 729 1920 instituisse,
750 1849 813 1909 sine
836 1849 939 1927 quibus
960 1849 1118 1911 communis
1142 1850 1203 1911 vita
1221 1868 1288 1911 esse

194 1944 278 2005 nulla
287 1956 394 2025 posset.
409 1963 474 2003 eam
488 1952 653 2001 mansuetos
665 1960 682 2001 e
694 1940 772 2013 feria,
782 1940 882 2001 civiles
896 1940 1039 2001 erusticis
1050 1942 1182 2004 homines
1194 1941 1290 2003 reddi·

192 2039 286 2099 disse.
301 2038 498 2111 camdenum
512 2054 588 2107 esse,
602 2055 659 2114 qua
672 2035 736 2095 sole
753 2055 773 2095 a
784 2035 886 2097 bestiis
899 2036 1073 2099 differamus.
1113 2038 1203 2104 Quod
1219 2056 1288 2098 cum

193 2132 308 2199 dicunt,
319 2149 386 2189 uon·
397 2128 473 2187 male
485 2128 526 2187 illi
541 2128 657 2207 quidem
669 2148 702 2189 se
716 2147 820 2207 gerere
834 2129 973 2189 censendi
984 2140 1061 2201 sunt,
1075 2130 1100 2190 si
1113 2129 1288 2208 rel'loquuti

190 2240 248 2301 ,pro
262 2220 428 2289 occasione,
447 2220 495 2279 rel
515 2218 688 2298 eloquentiae
701 2220 818 2281 nomine
827 2221 998 2302 sapientiam
1010 2241 1127 2282 omnem
1141 2221 1289 2301 complexi

192 2330 261 2389 ,esse
273 2311 480 2391 intelligantur.
509 2310 556 2370 Re
570 2310 646 2371 enim
657 2330 725 2371 vera
738 2331 798 2371 non
811 2312 903 2374 oratio
915 2324 970 2385 est,
984 2312 1038 2373 sed
1050 2312 1125 2373 ratio
1139 2324 1171 2373 et
1182 2311 1288 2371 intelli-

192 2403 305 2483 gentia,
319 2423 384 2483 quoe
397 2402 527 2464 abrutis
546 2402 693 2463 hominem
705 2402 876 2483 distinguat.
896 2424 953 2467 nec
974 2405 1141 2483 eloquentia
1160 2415 1216 2476 est,
1234 2406 1289 2467 sed

192 2495 338 2575 sapientis
351 2506 382 2555 et
393 2495 557 2575 prudentia,
569 2515 634 2573 qure
646 2495 791 2575 dispersos
806 2517 842 2557 ac
856 2508 995 2577 vagantes
1007 2496 1138 2559 horninur
1151 2496 1183 2556 in
1195 2518 1287 2559 unum

193 2586 359 2667 collegerit,
372 2606 408 2647 ac
420 2588 507 2647 vitam
517 2588 671 2648 humanam
686 2609 801 2649 ornnem
811 2602 843 2649 et
855 2591 975 2651 urbibus
984 2590 1157 2664 condendis,
1171 2601 1204 2651 et
1214 2591 1289 2671 legi·

192 2683 250 2744 bus
263 2681 445 2741 instituendis
460 2680 631 2740 excoluerit.
675 2680 777 2741 Sermo
791 2682 867 2741 enirn
880 2697 984 2761 poetes
995 2694 1134 2762 tanquam
1147 2683 1286 2753 minister,

195 2786 227 2833 et
240 2773 407 2852 eloquentia
426 2782 561 2852 tanquam
582 2772 688 2831 ancilla
708 2773 886 2850 subsequuta
904 2774 1068 2836 necessario
1086 2786 1142 2835 est.
1182 2774 1288 2837 Sedsi

194 2866 237 2926 ita
251 2866 384 2925 absolute
395 2884 460 2943 quse
471 2864 582 2941 dicunt,
594 2862 780 2942 accipiamus,
790 2884 877 2944 quarn
885 2878 966 2927 recte
980 2865 1009 2926 id
1018 2866 1079 2938 fiat,
1091 2867 1139 2927 alii
1151 2867 1287 2927 viderint.

193 2955 273 3019 Mihi
285 2970 366 3019 certe
386 2956 553 3037 persuaderi
572 2976 632 3016 non
645 2966 753 3035 potest,
765 2978 824 3035 quo
837 2970 925 3037 pacto
937 2971 1019 3021 recte
1035 2959 1077 3019 iili
1089 2959 1224 3031 sentiant,
1237 2957 1287 3038 qui

193 3052 297 3115 horum
310 3051 482 3127 scriptorum
496 3049 670 3109 auctoritate
683 3050 808 3128 permoti
826 3050 858 3107 in
875 3070 941 3109 esur
959 3052 1124 3130 opinionem
1135 3062 1286 3123 venerunt,

195 3150 229 3199 ut
245 3140 315 3199 nulli
328 3140 380 3208 rei,
394 3138 449 3197 nisi
461 3139 613 3209 facundie,
630 3140 804 3199 studendum
818 3160 883 3199 esse
896 3142 1026 3212 credaut,
1043 3144 1196 3220 nullosque
1209 3162 1285 3214 esse,

191 3233 240 3310 qui
253 3232 328 3290 scire
341 3230 487 3309 quippiam
500 3231 619 3309 possint,
631 3232 685 3291 nisi
699 3233 786 3291 etism
800 3231 916 3291 dicendi
929 3231 1032 3310 peritia
1041 3232 1159 3311 praediti
1166 3232 1284 3293 suerint

196 3323 294 3394 Adde,
309 3323 388 3402 quod
407 3324 438 3381 hi
451 3343 565 3402 quoque
580 3344 680 3383 omues
696 3344 746 3383 eos
766 3323 932 3403 scriptores,
947 3324 996 3402 qui
1016 3343 1076 3383 non
1099 3324 1140 3383 ite
1158 3324 1286 3405 eleganti

193 3416 260 3475 stilo
274 3415 312 3473 de
325 3414 548 3493 praeclarissimis
562 3418 648 3475 rebus
666 3427 699 3475 et
711 3416 866 3477 verissimis
882 3427 1070 3476 monumenta
1081 3416 1204 3495 posteris
1217 3418 1285 3478 reli·

194 3518 328 3587 querunt,
351 3507 397 3567 rel
420 3518 557 3586 tanquam
580 3508 713 3567 indoctos
736 3518 768 3567 et
785 3508 930 3587 imperitos
951 3508 1131 3585 abjiciendos
1154 3520 1287 3583 censent,

192 3600 273 3678 quasi
292 3598 445 3659 verborum
458 3600 558 3676 lepore
579 3612 609 3659 et
622 3600 696 3659 fucis
709 3618 803 3657 rerum
818 3599 948 3678 cognitio
967 3610 998 3658 et
1016 3592 1120 3680 peritis
1137 3602 1287 3663 metienda

193 3692 247 3761 sit;
258 3691 303 3751 vel
311 3691 379 3751 licet
388 3711 487 3751 earum
495 3691 687 3759 scientiarum,
697 3691 902 3767 questradunt,
914 3691 951 3752 de
959 3692 1120 3771 quibusque
1131 3692 1285 3765 disserunt,

193 3784 280 3858 etiam
301 3784 485 3863 peritissimos
498 3782 585 3844 fuuse
607 3782 809 3855 confiteantur,
823 3792 959 3862 tanquam
979 3785 1117 3845 barbaros
1138 3794 1236 3844 tamen
1254 3795 1285 3844 et

192 3878 306 3959 ineptos
324 3879 515 3957 negligendos
529 3888 642 3957 putant,
654 3876 804 3955 plurisque
818 3876 984 3937 faciendum
997 3890 1129 3938 asserunt
1142 3898 1219 3950 eum,
1234 3878 1285 3959 qui

192 3970 231 4031 de
244 3971 419 4050 quiburlibet
437 3969 483 4029 vel
506 3968 653 4029 levissimis
674 3968 760 4028 rebus
781 3967 979 4047 eleganteret
1000 3971 1119 4050 copiose
1138 3972 1283 4042 tractarit,

191 4082 278 4145 quem
287 4062 337 4140 qui
347 4062 384 4123 de
397 4060 582 4143 gravissimis,
594 4070 624 4118 et
633 4058 759 4119 maxime
770 4060 851 4121 seriis
862 4062 1020 4143 generique
1029 4063 1157 4125 humano
1168 4064 1283 4125 utilissi-

190 4155 244 4225 mis
256 4154 411 4226 infecunde
426 4156 559 4227 etjejune
574 4150 735 4231 disputarit,
749 4170 871 4233 remque
884 4154 961 4215 hsnc
972 4176 1033 4217 non
1045 4175 1140 4228 secus,
1151 4168 1239 4237 atque
1251 4157 1283 4217 in

190 4234 333 4331 artificum
348 4266 382 4305 ac
395 4242 596 4305 statuariorum
610 4242 743 4322 operibus
757 4247 944 4323 spectandam
953 4267 1017 4309 esse
1031 4249 1122 4320 munt,
1136 4249 1283 4329 inquibus

190 4340 283 4400 forma
299 4340 388 4416 longe
402 4340 548 4410 majorem,
562 4354 650 4414 quarn
672 4336 802 4408 materia,
816 4338 931 4399 laudern
952 4350 983 4399 et
995 4340 1117 4419 gloriam
1137 4340 1199 4399 sine
1212 4360 1282 4399 eon-

190 4432 328 4498 troversis
341 4440 492 4489 mereatur.
535 4428 583 4489 Ac
596 4438 749 4510 propterea
768 4428 913 4492 assiduum
931 4432 1059 4492 barbaris
1080 4432 1188 4492 bellum
1207 4431 1283 4491 indi·
